timestamp,price,bid,ask
1763368933,95617.1674235,0.02,0.03
1763368934,95617.1674235,0.02,0.03
1763368935,95617.1134205,0.02,0.03
1763368936,95611.10178067251,0.01,0.02
1763368937,95611.10178067251,0.01,0.02
1763368938,95607.8110355,0.01,0.02
1763368939,95607.8110355,0.01,0.02
1763368940,95615.838453,0.01,0.02
1763368941,95615.838453,0.01,0.02
1763368942,95615.835659,0.01,0.02
1763368943,95612.5452375,0.0,0.01
1763368944,95612.5452375,,0.01
1763368945,95613.7064855,0.0,0.01
1763368946,95613.7113545,0.0,0.01
1763368947,95613.8363235,0.0,0.01
1763368948,95613.8363235,0.0,0.01
1763368949,95610.941891,0.0,0.01
1763368950,95607.544589,0.0,0.01
1763368951,95607.5056535,0.0,0.01
1763368952,95601.30521671275,0.0,0.01
1763368953,95601.31148971274,0.0,0.01
1763368954,95607.304666,0.0,0.01
1763368955,95607.304666,0.0,0.01
1763368956,95607.3291075,0.0,0.01
1763368957,95607.3045365,0.0,0.01
1763368958,95607.2999185,0.0,0.01
1763368959,95607.2950775,0.0,0.01
1763368960,95607.230686,0.0,0.01
1763368961,95610.733186,0.0,0.01
1763368962,95612.62173668078,0.0,0.01
1763368963,95612.6963882622,0.0,0.01
1763368964,95607.8708385,0.0,0.01
1763368965,95607.8708385,0.0,0.01
1763368966,95607.775814,0.0,0.01
1763368967,95602.0154461925,0.0,0.01
1763368968,95607.695518,0.0,0.01
1763368969,95607.7002835,0.0,0.01
1763368970,95607.7032835,0.0,0.01
1763368971,95607.695262,0.0,0.01
1763368972,95607.8798365,0.0,0.01
1763368973,95607.8321505,0.0,0.01
1763368974,95607.827752,0.0,0.01
1763368975,95607.82708,0.0,0.01
1763368976,95612.55613887095,0.0,0.01
1763368977,95612.67957987095,0.0,0.01
1763368978,95613.20022372872,0.0,0.01
1763368979,95613.26581647107,0.0,0.01
1763368980,95613.26375897108,0.0,0.01
1763368981,95613.05273127876,0.0,0.01
1763368982,95613.06787677876,0.0,0.01
1763368983,95613.61653514711,0.0,0.01
1763368984,95613.79955764403,0.0,0.01
1763368985,95616.7324525,0.0,0.01
1763368986,95617.66986,0.0,0.01
1763368987,95615.53585553094,0.0,0.01
1763368988,95615.61258203094,0.0,0.01
1763368989,95617.5977905,0.0,0.01
1763368990,95617.637596,0.0,0.01
1763368991,95617.67728060075,0.0,0.01
1763368992,95613.90171423565,0.0,0.01
1763368993,95611.895337,0.0,0.01
1763368994,95611.894893,0.0,0.01
1763368995,95601.74101621394,0.0,0.01
1763368996,95600.1343535,0.0,0.01
1763368997,95599.7465525,0.0,0.01
1763368998,95599.662882,0.0,0.01
1763368999,95599.6880965,0.0,0.01
1763369000,95597.93151576447,0.0,0.01
1763369001,95599.582818,0.0,0.01
1763369003,95598.0190955,0.0,0.01
1763369004,95598.1543885,0.0,0.01
1763369005,95598.110594,0.0,0.01
1763369006,95598.098966,0.0,0.01
1763369007,95598.1015315,0.0,0.01
1763369008,95596.11969712828,0.0,0.01
1763369009,95596.33721691494,0.0,0.01
1763369010,95597.781928,0.0,0.01
1763369011,95597.5552885,0.0,0.01
1763369012,95597.160235,0.0,0.01
1763369013,95598.501903,0.0,0.01
1763369014,95599.0360875,0.0,0.01
1763369015,95600.1277555,0.0,0.01
1763369016,95600.2516985,0.0,0.01
1763369017,95600.2516985,0.0,0.01
1763369018,95600.1536305,0.0,0.01
1763369019,95600.1352885,0.0,0.01
1763369020,95599.090383,0.0,0.01
1763369021,95599.188414,0.0,0.01
1763369022,95598.37475,0.0,0.01
1763369023,95598.378414,0.0,0.01
1763369024,95597.51324,0.0,0.01
1763369025,95597.51324,0.0,0.01
1763369026,95597.24113,0.0,0.01
1763369027,95597.2444655,0.0,0.01
1763369028,95597.391359,0.0,0.01
1763369029,95597.389165,0.0,0.01
1763369030,95597.3392115,0.0,0.01
1763369031,95597.301864,0.0,0.01
1763369032,95595.6378285,0.0,0.01
1763369033,95595.6378285,0.0,0.01
1763369034,95595.56263,0.0,0.01
1763369035,95595.56263,0.0,0.01
1763369036,95595.3190475,0.0,0.01
1763369037,95594.5198255,0.0,0.01
1763369038,95594.633709,0.0,0.01
1763369039,95594.6223195,0.0,0.01
1763369040,95594.4247165,0.0,0.01
1763369041,95593.5842165,0.0,0.01
1763369042,95593.5617945,0.0,0.01
1763369043,95592.460886,0.0,0.01
1763369044,95577.714,0.0,0.01
1763369045,95576.7792395,0.0,0.01
1763369046,95575.565179,0.0,0.01
1763369047,95576.1079105,0.0,0.01
1763369048,95575.109034,0.0,0.01
1763369049,95575.110568,0.0,0.01
1763369050,95575.2311275,0.0,0.01
1763369051,95575.237032,0.0,0.01
1763369052,95575.243784,0.0,0.01
1763369053,95579.828163,0.0,0.01
1763369054,95580.8674215,0.0,0.01
1763369055,95580.7710625,0.0,0.01
1763369056,95580.7951235,0.0,0.01
1763369057,95580.8109915,0.0,0.01
1763369058,95580.8078475,0.0,0.01
1763369059,95580.8078475,0.0,0.01
1763369060,95580.775732,0.0,0.01
1763369061,95580.732757,0.0,0.01
1763369062,95580.74857,0.0,0.01
1763369063,95580.413149,0.0,0.01
1763369064,95580.3262,0.0,0.01
1763369065,95580.256049,0.0,0.01
1763369066,95580.0641725,0.0,0.01
1763369067,95579.664926,0.0,0.01
1763369068,95573.4356875,0.0,0.01
1763369069,95573.407812,0.0,0.01
1763369070,95573.405498,0.0,0.01
1763369071,95573.3968845,0.0,0.01
1763369072,95571.822892,0.0,0.01
1763369073,95571.8227325,0.0,0.01
1763369074,95571.2409735,0.0,0.01
1763369075,95571.6760755,0.0,0.01
1763369076,95571.643293,0.0,0.01
1763369077,95570.987241,0.0,0.01
1763369078,95570.9540145,0.0,0.01
1763369079,95569.289662,0.0,0.01
1763369080,95567.6179165,0.0,0.01
1763369081,95567.0718405,0.0,0.01
1763369082,95566.3166315,0.0,0.01
1763369083,95566.3166315,0.0,0.01
1763369084,95563.7044485,0.0,0.01
1763369085,95562.2044485,0.0,0.01
1763369086,95560.825815,0.0,0.01
1763369087,95560.685506,0.0,0.01
1763369088,95560.685506,0.0,0.01
1763369089,95562.7082245,0.0,0.01
1763369090,95562.57306,0.0,0.01
1763369091,95559.4166685,0.0,0.01
1763369092,95558.588042,0.0,0.01
1763369093,95558.588042,0.0,0.01
1763369094,95554.9108505,0.0,0.01
1763369095,95551.0557605,0.0,0.01
1763369096,95550.92486,0.0,0.01
1763369097,95550.920721,0.0,0.01
1763369098,95550.9234115,0.0,0.01
1763369099,95551.2374565,0.5,0.52
1763369100,95551.2374565,0.5,0.52
1763369101,95550.9743115,0.5,0.52
1763369102,95548.960593,0.51,0.52
1763369103,95548.960593,0.51,0.52
1763369104,95549.36518467608,0.49,0.5
1763369105,95548.6419755,0.43,0.44
1763369107,95516.45582,0.43,0.45
1763369108,95516.4206255,0.42,0.47
1763369109,95525.0733305,0.43,0.46
1763369110,95528.5608006182,0.45,0.47
1763369111,95528.530615,0.44,0.47
1763369112,95528.8114105,0.44,0.47
1763369113,95528.6641891818,0.44,0.47
1763369114,95528.6641891818,0.45,0.47
1763369115,95530.191222,0.43,0.46
1763369116,95530.210333,0.43,0.46
1763369117,95530.155822,0.43,0.46
1763369118,95530.1566945,0.43,0.45
1763369119,95530.138655,0.43,0.46
1763369120,95530.1528935,0.44,0.46
1763369121,95530.1528935,0.43,0.45
1763369122,95530.08572614333,0.43,0.45
1763369123,95530.07661464333,0.43,0.46
1763369124,95530.02561,0.44,0.46
1763369125,95530.0109315,0.45,0.46
1763369126,95530.0109315,0.45,0.46
1763369127,95530.032813,0.47,0.49
1763369128,95530.0596505,0.48,0.49
1763369129,95539.34037297661,0.49,0.51
1763369130,95542.27905366733,0.49,0.51
1763369131,95546.58747666294,0.49,0.51
1763369132,95546.55100816295,0.49,0.51
1763369133,95546.38425927884,0.49,0.51
1763369134,95546.4993515,0.49,0.51
1763369135,95546.19337028597,0.48,0.49
1763369136,95546.19445978597,0.48,0.49
1763369137,95545.92338948717,0.48,0.49
1763369138,95545.92284048717,0.48,0.49
1763369139,95545.63625490008,0.48,0.49
1763369140,95545.14733898532,0.47,0.49
1763369141,95545.19058557262,0.47,0.51
1763369142,95545.46062869,0.47,0.51
1763369143,95545.46062869,0.48,0.51
1763369144,95545.89001627965,0.47,0.51
1763369145,95546.51468930289,0.47,0.51
1763369146,95546.11456499345,0.47,0.51
1763369147,95546.11501599345,0.47,0.51
1763369148,95547.6104069099,0.47,0.51
1763369149,95547.95211734386,0.47,0.51
1763369150,95547.95211734386,0.48,0.51
1763369151,95547.6960301056,0.47,0.5
1763369152,95547.626393,0.47,0.48
1763369153,95547.0884945,0.47,0.48
1763369154,95547.0884945,0.47,0.48
1763369155,95550.0199634727,0.5,0.52
1763369156,95550.30715469416,0.5,0.52
1763369157,95553.55323017474,0.51,0.52
1763369158,95553.48938436112,0.51,0.52
1763369159,95553.49426936112,0.51,0.52
1763369160,95554.30945869985,0.51,0.52
1763369161,95554.30964769985,0.5,0.52
1763369162,95554.5637520042,0.52,0.53
1763369163,95555.20897,0.52,0.53
1763369164,95555.398472,0.52,0.53
1763369165,95553.97388706422,0.5,0.53
1763369166,95554.01054737682,0.51,0.53
1763369167,95554.11063166797,0.51,0.53
1763369168,95554.98489207367,0.5,0.53
1763369169,95555.02801125424,0.5,0.53
1763369170,95554.6562465,0.5,0.53
1763369171,95553.99074271592,0.5,0.53
1763369172,95553.99381271593,0.5,0.51
1763369173,95554.35792990413,0.51,0.53
1763369174,95552.45093498178,0.49,0.5
1763369175,95554.24573845802,0.49,0.5
1763369176,95553.99066194502,0.49,0.5
1763369177,95553.81546838293,0.49,0.5
1763369178,95554.20381547663,0.49,0.5
1763369179,95553.6580787073,0.49,0.5
1763369180,95553.47350417166,0.49,0.5
1763369181,95554.46944245984,0.49,0.5
1763369182,95554.20445007615,0.49,0.5
1763369183,95550.15803,0.48,0.49
1763369184,95549.649572,0.47,0.49
1763369185,95548.07206604624,0.47,0.49
1763369186,95545.846203,0.49,0.5
1763369187,95551.62955443947,0.57,0.58
1763369188,95581.99323589412,0.57,0.59
1763369189,95584.137847,0.57,0.58
1763369190,95584.078703,0.57,0.58
1763369191,95584.1523375,0.57,0.59
1763369192,95583.1914871122,0.58,0.6
1763369193,95583.962333,0.58,0.6
1763369194,95583.961833,0.57,0.6
1763369195,95583.961833,0.57,0.6
1763369196,95583.912466,0.57,0.6
1763369197,95583.912466,0.56,0.58
1763369198,95582.72872476223,0.56,0.58
1763369199,95581.55012080002,0.56,0.57
1763369200,95581.5269925,0.56,0.57
1763369201,95581.667985,0.57,0.6
1763369202,95582.762999,0.57,0.59
1763369203,95585.4284305,0.57,0.59
1763369204,95585.704389,0.57,0.6
1763369205,95585.14615268639,0.58,0.6
1763369206,95585.14615268639,0.58,0.6
1763369207,95585.96239740936,0.58,0.6
1763369208,95586.00325040935,0.59,0.6
1763369209,95588.81992792862,0.59,0.6
1763369210,95587.08275946691,0.59,0.6
1763369211,95587.44372187683,0.59,0.6
1763369212,95588.940591,0.59,0.6
1763369213,95588.922652,0.59,0.6
1763369214,95587.67532841703,0.58,0.6
1763369215,95587.67944391702,0.58,0.6
1763369216,95587.62439898883,0.58,0.6
1763369217,95587.69898099876,0.58,0.6
1763369218,95587.49738617586,0.58,0.6
1763369219,95587.68744671834,0.58,0.59
1763369220,95588.6016615,0.58,0.59
1763369221,95588.6146615,0.58,0.59
1763369222,95588.02654411212,0.58,0.59
1763369223,95587.98388411873,0.58,0.59
1763369224,95587.59267539326,0.58,0.59
1763369225,95588.08455739326,0.58,0.59
1763369226,95587.8878526884,0.58,0.6
1763369227,95587.96435801638,0.58,0.6
1763369228,95587.77106014901,0.58,0.6
1763369229,95587.7632019143,0.58,0.6
1763369230,95587.45015578964,0.58,0.6
1763369231,95588.02932527532,0.58,0.59
1763369232,95581.847401,0.58,0.59
1763369233,95581.3714065,0.58,0.59
1763369234,95579.536118179,0.58,0.59
1763369235,95579.523618179,0.58,0.59
1763369236,95579.53284010594,0.57,0.58
1763369237,95580.970559,0.57,0.58
1763369238,95576.29728609792,0.57,0.58
1763369239,95579.51252,0.56,0.58
1763369240,95580.65447810413,0.56,0.58
1763369241,95582.41857471272,0.57,0.58
1763369242,95583.5937745,0.57,0.59
1763369243,95583.5937745,0.57,0.59
1763369244,95584.4257,0.59,0.6
1763369245,95587.71877668257,0.59,0.6
1763369246,95593.41343759079,0.59,0.6
1763369247,95594.05026216999,0.59,0.62
1763369248,95595.7157685,0.63,0.64
1763369249,95603.40111061648,0.63,0.64
1763369250,95606.66812955689,0.63,0.64
1763369251,95608.72332829135,0.63,0.64
1763369252,95606.31031205726,0.63,0.64
1763369253,95606.61693155726,0.64,0.65
1763369254,95607.93410904777,0.63,0.66
1763369255,95608.29585250962,0.63,0.66
1763369256,95608.15387184116,0.63,0.66
1763369257,95609.990624,0.63,0.66
1763369258,95608.84863885798,0.64,0.66
1763369259,95608.77985129984,0.63,0.65
1763369260,95608.64409236805,0.63,0.66
1763369261,95609.02141691082,0.64,0.65
1763369262,95609.066800467,0.64,0.66
1763369263,95608.90925643756,0.64,0.65
1763369264,95609.07610031715,0.64,0.66
1763369265,95608.98204908463,0.64,0.65
1763369266,95609.44087096561,0.64,0.67
1763369267,95610.04310449152,0.65,0.67
1763369268,95610.57699573175,0.65,0.67
1763369269,95610.15160244108,0.65,0.67
1763369270,95613.093871437,0.65,0.67
1763369271,95613.093871437,0.66,0.67
1763369272,95613.66221406392,0.66,0.67
1763369273,95614.45603940294,0.66,0.67
1763369274,95614.09003217459,0.66,0.67
1763369275,95614.08304779133,0.66,0.67
1763369276,95614.01206496624,0.65,0.67
1763369277,95614.53438774683,0.66,0.67
1763369278,95614.53438774683,0.66,0.67
1763369279,95615.214035,0.66,0.67
1763369280,95614.39630057389,0.46,0.48
1763369281,95613.4499565,0.48,0.49
1763369282,95549.90076418116,0.46,0.48
1763369283,95547.0732355,0.46,0.48
1763369284,95546.7143395,0.46,0.47
1763369285,95546.7645995,0.46,0.47
1763369286,95544.639359,0.46,0.49
1763369287,95545.15504,0.46,0.47
1763369288,95542.0542630234,0.45,0.46
1763369289,95542.0542630234,0.45,0.46
1763369290,95537.443199,0.45,0.46
1763369291,95537.2591055,0.43,0.46
1763369292,95534.942184,0.42,0.43
1763369293,95526.465195,0.4,0.41
1763369294,95523.5860125,0.38,0.39
1763369295,95509.629013,0.35,0.36
1763369296,95508.1224525,0.34,0.35
1763369297,95496.658984,0.32,0.35
1763369298,95496.352671,0.32,0.34
1763369299,95491.6247665,0.33,0.34
1763369300,95492.750258,0.32,0.34
1763369301,95485.9580205,0.3,0.32
1763369302,95481.0779375,0.3,0.32
1763369303,95480.712419,0.3,0.32
1763369304,95480.6279635,0.3,0.32
1763369305,95480.0939275,0.3,0.32
1763369306,95479.729167,0.3,0.31
1763369307,95472.997929,0.29,0.31
1763369308,95472.997929,0.29,0.31
1763369309,95473.3267905,0.27,0.28
1763369310,95473.3267905,0.27,0.29
1763369311,95464.053774,0.29,0.31
1763369312,95469.722625,0.3,0.33
1763369313,95473.157743,0.3,0.33
1763369314,95473.2268315,0.29,0.32
1763369315,95473.2268315,0.3,0.33
1763369316,95473.0066825,0.29,0.31
1763369317,95472.97864,0.29,0.3
1763369318,95470.5179595,0.28,0.29
1763369319,95459.21183929947,0.27,0.28
1763369320,95459.21183929947,0.27,0.28
1763369321,95452.735554001,0.35,0.37
1763369322,95452.830707001,0.35,0.37
1763369323,95488.684408,0.35,0.36
1763369324,95488.978779,0.35,0.36
1763369325,95489.0016245,0.34,0.36
1763369326,95489.359158,0.32,0.34
1763369327,95489.359158,0.32,0.34
1763369328,95479.05834921973,0.32,0.34
1763369329,95479.38677733106,0.31,0.33
1763369330,95474.667762,0.31,0.32
1763369331,95474.623279,0.3,0.32
1763369332,95474.911212,0.3,0.32
1763369333,95474.9180665,0.3,0.32
1763369334,95474.925856,0.29,0.32
1763369335,95474.926356,0.29,0.32
1763369336,95474.2571715,0.29,0.3
1763369337,95474.258283,0.28,0.3
1763369338,95468.5917134286,0.27,0.3
1763369339,95463.877663,0.27,0.29
1763369340,95463.868333,0.27,0.29
1763369341,95456.3387285,0.27,0.28
1763369342,95457.22442923814,0.29,0.3
1763369343,95461.78049198406,0.29,0.3
1763369344,95462.9996655,0.29,0.3
1763369345,95482.64498845044,0.38,0.41
1763369346,95485.06584595045,0.39,0.41
1763369347,95503.9237062839,0.39,0.4
1763369348,95503.04268369536,0.39,0.41
1763369349,95503.05077169536,0.41,0.42
1763369350,95511.59781318094,0.43,0.44
1763369351,95518.31044494221,0.43,0.45
1763369352,95522.0691195678,0.42,0.45
1763369353,95523.36052850574,0.43,0.45
1763369354,95523.39863400575,0.43,0.45
1763369355,95525.05820003516,0.43,0.45
1763369356,95527.19815262368,0.44,0.45
1763369357,95527.46233459897,0.43,0.45
1763369358,95528.910183,0.43,0.45
1763369359,95528.90469076612,0.43,0.44
1763369360,95526.73030659054,0.37,0.39
1763369361,95526.34525123611,0.37,0.38
1763369362,95503.70404105035,0.37,0.39
1763369363,95500.52138655035,0.37,0.39
1763369364,95495.79101755307,0.34,0.36
1763369365,95493.87766063196,0.32,0.33
1763369366,95480.64138046607,0.32,0.33
1763369367,95479.137968,0.33,0.35
1763369368,95476.536069,0.3,0.33
1763369369,95472.744913,0.31,0.33
1763369370,95472.1162135,0.31,0.33
1763369371,95471.5445175,0.31,0.33
1763369372,95471.5445175,0.3,0.32
1763369373,95471.171139,0.3,0.31
1763369374,95470.8061405,0.3,0.32
1763369375,95469.6312595,0.3,0.32
1763369376,95469.6312595,0.3,0.32
1763369377,95471.8188805,0.3,0.32
1763369378,95471.8188805,0.3,0.32
1763369379,95472.05720074357,0.3,0.32
1763369380,95471.25405941089,0.3,0.32
1763369381,95471.25405941089,0.34,0.37
1763369382,95484.72431314478,0.37,0.39
1763369383,95489.34958069427,0.37,0.39
1763369384,95495.34993454497,0.37,0.39
1763369385,95495.70892994768,0.37,0.39
1763369386,95495.80324471978,0.37,0.39
1763369387,95495.87801601237,0.37,0.39
1763369388,95495.75159756365,0.38,0.4
1763369389,95495.85189894891,0.39,0.41
1763369390,95500.71042,0.37,0.39
1763369391,95500.60717717811,0.38,0.39
1763369392,95499.70088763868,0.38,0.39
1763369393,95500.42986774705,0.38,0.42
1763369394,95509.352246,0.41,0.43
1763369395,95513.30696419299,0.41,0.43
1763369396,95518.45676317974,0.41,0.43
1763369397,95517.64863,0.43,0.44
1763369398,95517.836804,0.41,0.43
1763369399,95516.47564734473,0.38,0.41
1763369400,95516.593951,0.38,0.41
1763369401,95510.446521,0.41,0.43
1763369402,95512.7294485,0.41,0.43
1763369403,95515.1183428901,0.42,0.44
1763369404,95517.58934708542,0.42,0.44
1763369405,95517.66005399096,0.41,0.44
1763369406,95519.71575163219,0.45,0.47
1763369407,95523.27836384953,0.45,0.47
1763369408,95527.25113819876,0.45,0.47
1763369409,95528.07148833723,0.45,0.47
1763369410,95530.228605389,0.47,0.49
1763369411,95532.8155485,0.47,0.49
1763369412,95536.82582878428,0.48,0.5
1763369413,95539.14681658916,0.48,0.5
1763369414,95545.3122095,0.49,0.5
1763369415,95547.656468,0.49,0.51
1763369416,95546.53469604065,0.49,0.51
1763369417,95547.8113425,0.49,0.51
1763369418,95547.15238002661,0.49,0.51
1763369419,95547.45679873342,0.49,0.5
1763369420,95544.39979586155,0.49,0.5
1763369421,95545.5220399397,0.44,0.46
1763369422,95529.4971265,0.45,0.46
1763369424,95527.447687,0.45,0.46
1763369425,95527.447687,0.45,0.46
1763369426,95527.4982465,0.44,0.46
1763369427,95527.5156895,0.44,0.45
1763369428,95527.5156895,0.44,0.46
1763369429,95527.5411245,0.48,0.49
1763369430,95535.0313085,0.49,0.51
1763369431,95540.65114,0.5,0.51
1763369432,95550.56852425734,0.5,0.52
1763369433,95550.97310025734,0.5,0.52
1763369434,95551.40766187623,0.49,0.5
1763369435,95551.16334763935,0.49,0.5
1763369436,95550.06278570753,0.49,0.5
1763369437,95549.8013014886,0.5,0.51
1763369438,95549.8013014886,0.51,0.52
1763369439,95555.05317950157,0.51,0.52
1763369440,95555.05317950157,0.51,0.52
1763369441,95555.02995708078,0.51,0.52
1763369442,95555.05093992132,0.51,0.52
1763369443,95555.05093992132,0.51,0.52
1763369444,95555.00684,0.51,0.52
1763369445,95554.80342532478,0.51,0.52
1763369446,95555.49227,0.51,0.52
1763369447,95555.500927,0.51,0.52
1763369448,95556.281113,0.51,0.52
1763369449,95556.3217515,0.51,0.52
1763369450,95556.3217515,0.51,0.52
1763369451,95557.48496522468,0.51,0.52
1763369452,95557.709219,0.51,0.52
1763369453,95554.0073215,0.49,0.51
1763369454,95554.0073215,0.49,0.51
1763369455,95550.7668245,0.45,0.46
1763369456,95550.6759865,0.44,0.46
1763369457,95533.73800349527,0.44,0.46
1763369458,95531.50054171511,0.44,0.46
1763369459,95530.95786143003,0.44,0.46
1763369460,95532.40453146816,0.44,0.46
1763369461,95530.8145623792,0.45,0.46
1763369462,95530.10901840932,0.44,0.46
1763369463,95530.34098133651,0.45,0.46
1763369464,95530.72066842944,0.44,0.46
1763369465,95531.89278989851,0.44,0.46
1763369466,95532.963831,0.44,0.46
1763369467,95532.9328495,0.44,0.46
1763369468,95531.38167540789,0.43,0.46
1763369469,95531.37428890789,0.43,0.46
1763369470,95530.157193,0.43,0.46
1763369471,95529.9816095,0.43,0.45
1763369472,95529.096449,0.43,0.45
1763369473,95527.1752355,0.42,0.45
1763369474,95527.44219573279,0.43,0.46
1763369475,95526.95891732971,0.43,0.45
1763369476,95528.187717,0.43,0.45
1763369477,95526.56586574149,0.43,0.45
1763369478,95525.81704502742,0.43,0.45
1763369479,95523.31852778043,0.39,0.4
1763369480,95522.9049508901,0.38,0.4
1763369481,95510.45772372533,0.39,0.41
1763369482,95510.45772372533,0.39,0.41
1763369483,95510.37028808029,0.37,0.39
1763369484,95505.84920126309,0.37,0.39
1763369485,95506.850143,0.38,0.39
1763369486,95507.94395064586,0.37,0.39
1763369487,95508.01844553192,0.37,0.39
1763369488,95508.13136199917,0.37,0.38
1763369489,95508.13136199917,0.37,0.39
1763369490,95508.53901735757,0.37,0.39
1763369491,95508.54282003481,0.38,0.4
1763369492,95508.494289,0.37,0.39
1763369493,95508.4948596777,0.37,0.39
1763369494,95508.5143561777,0.37,0.39
1763369495,95508.65796592105,0.37,0.39
1763369496,95508.812294,0.37,0.39
1763369497,95508.7223475,0.37,0.39
1763369498,95508.46122538054,0.37,0.39
1763369499,95508.58680974488,0.38,0.39
1763369500,95506.9883875,0.38,0.39
1763369501,95506.46764942931,0.36,0.39
1763369502,95506.46764942931,0.36,0.39
1763369503,95506.6946028782,0.36,0.39
1763369504,95506.6946028782,0.36,0.39
1763369505,95507.11018244342,0.35,0.37
1763369506,95503.12780632464,0.33,0.35
1763369507,95502.17955583995,0.33,0.35
1763369508,95495.00005207352,0.33,0.36
1763369509,95495.00005207352,0.33,0.36
1763369510,95496.7490655,0.33,0.36
1763369511,95496.747977,0.33,0.36
1763369513,95496.7905815,0.34,0.36
1763369514,95496.8680145,0.34,0.36
1763369515,95496.5291949251,0.33,0.36
1763369516,95496.8726325,0.33,0.35
1763369517,95495.37626128379,0.33,0.35
1763369518,95493.09118580724,0.33,0.34
1763369519,95492.75440710524,0.33,0.35
1763369520,95493.00269526694,0.33,0.35
1763369521,95492.12071475443,0.33,0.35
1763369522,95494.72092666775,0.33,0.36
1763369523,95495.028352,0.33,0.36
1763369524,95494.77333788226,0.33,0.35
1763369525,95494.9756875,0.33,0.35
1763369526,95494.85389356742,0.33,0.35
1763369527,95494.67683641454,0.33,0.35
1763369528,95494.84534204312,0.34,0.36
1763369529,95494.59403700946,0.34,0.36
1763369530,95497.653998,0.33,0.35
1763369531,95498.021527,0.34,0.35
1763369532,95498.107712,0.38,0.39
1763369533,95506.43661306633,0.38,0.39
1763369534,95510.81693072426,0.39,0.4
1763369535,95510.81693072426,0.39,0.4
1763369536,95513.35344584414,0.37,0.38
1763369537,95513.35025034414,0.37,0.4
1763369538,95507.79908420698,0.37,0.4
1763369539,95507.61641224586,0.38,0.4
1763369540,95509.39918210077,0.39,0.4
1763369541,95517.299011,0.41,0.43
1763369542,95517.97459932056,0.41,0.43
1763369543,95518.08049188733,0.4,0.43
1763369544,95520.10477893893,0.4,0.43
1763369545,95520.09027943893,0.4,0.43
1763369546,95519.78772361486,0.4,0.43
1763369547,95519.8142594237,0.4,0.43
1763369548,95520.28747286886,0.4,0.43
1763369549,95520.09593131818,0.4,0.43
1763369550,95520.1809174242,0.4,0.43
1763369551,95520.37787283321,0.4,0.43
1763369552,95520.37137773639,0.4,0.43
1763369553,95520.71583126573,0.4,0.43
1763369554,95520.77830893385,0.41,0.43
1763369555,95520.77830893385,0.4,0.43
1763369556,95521.6312585,0.39,0.42
1763369557,95521.57206635097,0.39,0.42
1763369558,95521.513959,0.39,0.42
1763369559,95521.27825013788,0.39,0.43
1763369560,95520.7564205021,0.4,0.43
1763369561,95521.4675585,0.4,0.42
1763369562,95521.597456,0.4,0.42
1763369563,95520.88583296418,0.39,0.4
1763369564,95512.15429,0.35,0.37
1763369565,95507.31282896557,0.36,0.38
1763369566,95508.704832,0.36,0.38
1763369567,95507.634342,0.36,0.38
1763369568,95507.8681937672,0.36,0.38
1763369569,95507.913743,0.37,0.38
1763369570,95507.68641728097,0.37,0.39
1763369571,95507.4219209105,0.37,0.38
1763369572,95510.51873945561,0.37,0.38
1763369573,95511.00709,0.37,0.38
1763369574,95510.61102148157,0.37,0.38
1763369575,95511.27695858531,0.39,0.41
1763369576,95511.38913858532,0.39,0.41
1763369577,95517.34311435411,0.4,0.42
1763369578,95519.4439075,0.39,0.42
1763369579,95519.09604711237,0.39,0.42
1763369580,95519.71616830112,0.39,0.41
1763369581,95519.88342430112,0.38,0.41
1763369582,95519.91374240695,0.38,0.41
1763369583,95513.94174800231,0.39,0.41
1763369584,95518.1759695,0.38,0.41
1763369585,95517.7984485,0.39,0.41
1763369586,95518.079712,0.39,0.41
1763369587,95517.97884004617,0.39,0.41
1763369588,95517.79617214392,0.39,0.41
1763369589,95518.8852555,0.39,0.41
1763369590,95518.76357331606,0.39,0.41
1763369591,95518.73044191487,0.39,0.41
1763369592,95518.229694,0.38,0.4
1763369593,95518.046609,0.38,0.4
1763369594,95518.3752025,0.39,0.41
1763369595,95518.4702745,0.38,0.41
1763369596,95519.9734375,0.38,0.39
1763369597,95518.5415725,0.38,0.4
1763369598,95518.0556685,0.38,0.4
1763369599,95517.9914145,0.35,0.36
1763369600,95517.39853968017,0.36,0.37
1763369601,95511.44821,0.35,0.37
1763369602,95511.44821,0.35,0.37
1763369604,95511.73905159069,0.37,0.39
1763369605,95515.3786675,0.38,0.4
1763369606,95516.1159085,0.38,0.4
1763369607,95516.8068515,0.37,0.38
1763369608,95515.8354025,0.38,0.4
1763369609,95516.738333,0.37,0.4
1763369610,95515.00134595057,0.37,0.4
1763369611,95517.420178,0.37,0.38
1763369612,95515.095085,0.36,0.37
1763369613,95509.70272447288,0.37,0.39
1763369614,95509.457766,0.36,0.38
1763369615,95511.73921870625,0.36,0.38
1763369616,95511.84491361331,0.36,0.37
1763369618,95511.77858240617,0.36,0.37
1763369619,95511.11029738981,0.32,0.35
1763369621,95506.68693558367,0.33,0.35
1763369622,95506.08563308512,0.32,0.35
1763369623,95506.0367065,0.32,0.35
1763369624,95505.843875,0.32,0.35
1763369625,95505.86435012706,0.32,0.34
1763369626,95505.9178825,0.32,0.35
1763369627,95505.8858255,0.32,0.34
1763369628,95505.884154,0.32,0.34
1763369629,95505.8909225,0.32,0.34
1763369630,95505.902925,0.32,0.34
1763369631,95505.8663035,0.33,0.35
1763369632,95506.2805805,0.32,0.34
1763369633,95506.2805805,0.32,0.34
1763369634,95504.25337641124,0.32,0.34
1763369635,95503.09347489955,0.32,0.33
1763369636,95503.20179852475,0.32,0.33
1763369637,95502.91724344585,0.31,0.33
1763369638,95503.629451,0.31,0.33
1763369639,95502.13454901065,0.31,0.33
1763369640,95502.33544662333,0.33,0.35
1763369641,95504.42753398507,0.33,0.35
1763369642,95507.17796244503,0.32,0.35
1763369643,95507.21572894503,0.32,0.35
1763369644,95506.3023325,0.31,0.33
1763369645,95505.9579055,0.31,0.33
1763369646,95505.8468325,0.31,0.33
1763369647,95504.26251192039,0.31,0.33
1763369648,95504.26251192039,0.31,0.33
1763369649,95504.77845185513,0.31,0.33
1763369650,95505.218255,0.33,0.34
1763369651,95506.54701338545,0.32,0.35
1763369652,95508.63840248066,0.32,0.35
1763369653,95509.83171983188,0.33,0.35
1763369654,95511.0964282749,0.33,0.35
1763369655,95511.813038,0.33,0.35
1763369656,95511.85261117204,0.33,0.35
1763369657,95511.82069317205,0.33,0.35
1763369658,95511.877063,0.33,0.35
1763369659,95511.810134,0.34,0.35
1763369660,95514.27786653001,0.35,0.37
1763369661,95514.15695832115,0.35,0.37
1763369662,95513.42437584086,0.34,0.36
1763369663,95513.61980544754,0.34,0.36
1763369664,95512.69854492953,0.34,0.36
1763369665,95512.69854492953,0.34,0.37
1763369666,95512.68871583836,0.34,0.36
1763369667,95512.70719883837,0.34,0.36
1763369668,95512.74656614118,0.34,0.36
1763369669,95512.75030272095,0.34,0.36
1763369670,95512.73534584194,0.34,0.36
1763369671,95512.8005459783,0.34,0.36
1763369672,95513.4934645,0.3,0.33
1763369673,95513.4924645,0.31,0.32
1763369674,95506.5639595,0.3,0.32
1763369675,95506.51456715187,0.3,0.32
1763369676,95503.3304744957,0.3,0.32
1763369677,95503.3304744957,0.3,0.32
1763369678,95501.82322700977,0.3,0.32
1763369679,95501.993501399,0.3,0.32
1763369680,95502.26211936046,0.3,0.32
1763369681,95501.28383685295,0.28,0.31
1763369682,95501.05966074453,0.29,0.31
1763369683,95502.004796,0.3,0.31
1763369684,95502.229398,0.28,0.31
1763369685,95499.9617895,0.29,0.3
1763369686,95499.1898215,0.28,0.3
1763369687,95498.6646815,0.28,0.3
1763369688,95498.6646815,0.27,0.3
1763369689,95498.63885548487,0.27,0.3
1763369690,95498.46994556487,0.27,0.29
1763369691,95498.62023911452,0.28,0.3
1763369692,95498.62023911452,0.28,0.3
1763369693,95498.82246137226,0.27,0.3
1763369694,95499.76823952101,0.27,0.3
1763369695,95499.999982,0.26,0.29
1763369696,95500.0230585,0.26,0.29
1763369697,95500.0219975,0.26,0.29
1763369698,95499.95729902963,0.26,0.28
1763369699,95500.007682,0.26,0.29
1763369700,95499.999528,0.26,0.29
1763369701,95491.37598610483,0.23,0.24
1763369702,95488.53912920966,0.22,0.23
1763369703,95479.847704,0.22,0.24
1763369704,95479.2963705,0.22,0.23
1763369705,95479.043025,0.22,0.23
1763369706,95481.593408,0.27,0.28
1763369707,95487.582964,0.28,0.29
1763369708,95498.24262375227,0.27,0.3
1763369709,95498.24262375227,0.29,0.31
1763369710,95499.93050100979,0.31,0.33
1763369711,95500.69219053417,0.34,0.35
1763369712,95509.76022464538,0.32,0.35
1763369713,95509.76022464538,0.32,0.35
1763369714,95509.63222121276,0.32,0.34
1763369715,95509.79231533031,0.32,0.34
1763369716,95510.26317235696,0.32,0.35
1763369717,95510.26317235696,0.32,0.35
1763369718,95509.36871596382,0.32,0.35
1763369719,95509.9137282021,0.32,0.35
1763369720,95513.6789535,0.32,0.35
1763369721,95513.6789535,0.32,0.35
1763369722,95510.42058451739,0.34,0.35
1763369723,95512.6325517143,0.34,0.37
1763369724,95515.56100981143,0.34,0.37
1763369725,95517.0698023275,0.32,0.36
1763369726,95517.0698023275,0.34,0.35
1763369727,95516.81132762303,0.34,0.35
1763369728,95517.994827,0.33,0.37
1763369729,95517.994827,0.34,0.37
1763369730,95518.048344,0.33,0.37
1763369731,95518.048344,0.33,0.37
1763369732,95516.84625006629,0.33,0.36
1763369733,95516.71635712836,0.33,0.37
1763369734,95516.70141262836,0.33,0.37
1763369735,95516.86196526983,0.36,0.37
1763369736,95525.04683232601,0.36,0.37
1763369737,95525.04683232601,0.36,0.38
1763369738,95523.1966665,0.37,0.39
1763369739,95523.3477925,0.37,0.39
1763369740,95525.0788385,0.37,0.38
1763369741,95525.762274,0.38,0.39
1763369742,95525.7350895,0.38,0.39
1763369743,95525.862565,0.37,0.39
1763369744,95525.871065,0.37,0.38
1763369745,95526.0684045,0.37,0.4
1763369746,95528.2866265,0.38,0.39
1763369747,95528.1199045,0.38,0.39
1763369748,95528.0740535,0.38,0.4
1763369749,95527.94358405884,0.38,0.4
1763369750,95527.976293,0.37,0.4
1763369751,95527.93826681782,0.37,0.4
1763369752,95527.69411541306,0.37,0.4
1763369753,95527.69411541306,0.37,0.4
1763369754,95528.0507965,0.37,0.4
1763369755,95527.9667185,0.37,0.4
1763369756,95527.8610505,0.36,0.39
1763369757,95527.80835782994,0.36,0.39
1763369758,95527.97916,0.36,0.39
1763369759,95528.02675,0.37,0.4
1763369760,95528.023635,0.37,0.41
1763369761,95528.365575,0.51,0.53
1763369762,95538.804129,0.51,0.53
1763369763,95558.64462569501,0.51,0.54
1763369764,95559.5592765,0.52,0.54
1763369765,95557.79530516299,0.52,0.54
1763369766,95557.86419516298,0.52,0.54
1763369767,95561.311218,0.54,0.55
1763369768,95561.272589,0.56,0.59
1763369769,95561.272589,0.55,0.59
1763369770,95562.29273639218,0.55,0.59
1763369771,95562.31764702122,0.55,0.59
1763369772,95562.87425311329,0.55,0.59
1763369773,95562.87425311329,0.56,0.59
1763369774,95560.074291,0.52,0.55
1763369775,95559.154389,0.5,0.52
1763369776,95553.6575690768,0.5,0.53
1763369777,95554.62776730239,0.5,0.52
1763369778,95555.5437398282,0.5,0.51
1763369779,95555.40402696923,0.51,0.53
1763369780,95555.40649746923,0.51,0.53
1763369782,95555.54043099436,0.51,0.53
1763369783,95555.5962489384,0.51,0.53
1763369784,95555.5962489384,0.51,0.53
1763369785,95555.44448143261,0.51,0.53
1763369786,95555.7420585,0.51,0.53
1763369787,95551.51553329876,0.51,0.53
1763369788,95551.52389229876,0.51,0.53
1763369789,95555.4956692293,0.51,0.53
1763369790,95556.053546,0.51,0.52
1763369791,95556.053546,0.51,0.52
1763369792,95555.57191912469,0.52,0.53
1763369793,95555.705378,0.52,0.53
1763369794,95555.703326,0.52,0.53
1763369795,95555.67520481303,0.52,0.53
1763369796,95555.64762181303,0.52,0.53
1763369797,95553.36464345343,0.52,0.53
1763369798,95553.5109235,0.52,0.53
1763369799,95553.533927,0.52,0.53
1763369800,95553.5364795,0.52,0.53
1763369801,95553.550949,0.52,0.53
1763369802,95553.47329454243,0.52,0.53
1763369803,95553.47329454243,0.52,0.53
1763369804,95553.578214,0.52,0.53
1763369805,95553.5580725,0.51,0.52
1763369806,95553.5590485,0.51,0.52
1763369807,95553.653666,0.51,0.52
1763369808,95553.6665745,0.51,0.52
1763369809,95554.4052098328,0.51,0.52
1763369818,95556.664002,0.5,0.52
1763369819,95554.38454992809,0.5,0.52
1763369820,95554.38454992809,0.5,0.52
1763369821,95556.07198456126,0.5,0.52
1763369822,95556.07198456126,0.5,0.52
1763369823,95556.2846637639,0.48,0.51
1763369824,95554.2486692639,0.47,0.49
1763369825,95550.07208306705,0.48,0.51
1763369826,95551.4817555,0.47,0.49
1763369827,95551.4817555,0.47,0.51
1763369828,95551.53812,0.47,0.49
1763369829,95551.53812,0.47,0.49
1763369830,95551.4938195,0.47,0.49
1763369831,95551.39007977616,0.47,0.49
1763369832,95551.40876477514,0.47,0.49
1763369833,95551.40876477514,0.47,0.5
1763369834,95551.6642955,0.47,0.49
1763369835,95551.7137945,0.46,0.49
1763369836,95551.6684435,0.46,0.49
1763369837,95551.598399,0.46,0.49
1763369838,95551.291469,0.46,0.49
1763369839,95551.291469,0.46,0.49
1763369840,95551.350143,0.46,0.49
1763369841,95551.23313186619,0.46,0.49
1763369842,95547.071161,0.47,0.49
1763369843,95547.068661,0.47,0.49
1763369844,95547.035268,0.47,0.5
1763369845,95547.151592,0.47,0.5
1763369846,95547.207379,0.47,0.5
1763369847,95547.207379,0.48,0.5
1763369848,95547.427546,0.48,0.5
1763369849,95547.4330045,0.48,0.5
1763369850,95547.4264745,0.47,0.5
1763369852,95546.224631,0.47,0.49
1763369853,95546.64099689423,0.47,0.5
1763369854,95546.83422132047,0.46,0.49
1763369855,95546.83594625547,0.46,0.5
1763369856,95546.71526863184,0.46,0.5
1763369857,95546.69630634997,0.46,0.5
1763369858,95546.22362878885,0.46,0.49
1763369859,95543.64788772455,0.47,0.49
1763369860,95547.26073857365,0.53,0.56
1763369861,95553.941609,0.55,0.56
1763369862,95555.32892739456,0.55,0.58
1763369863,95555.80862355026,0.56,0.58
1763369864,95557.5015719002,0.55,0.58
1763369865,95557.36551372726,0.55,0.58
1763369866,95557.21968521085,0.55,0.59
1763369867,95559.08453854354,0.54,0.55
1763369868,95557.07112974135,0.53,0.55
1763369869,95554.26162723739,0.49,0.52
1763369870,95550.60837074483,0.45,0.47
1763369871,95551.64608434912,0.47,0.53
1763369872,95553.6369295,0.47,0.53
1763369873,95553.6783745,0.47,0.49
1763369874,95553.667336,0.47,0.49
1763369875,95551.95697029964,0.46,0.49
1763369876,95551.95697029964,0.46,0.49
1763369877,95546.7279785,0.46,0.49
1763369878,95546.7292435,0.45,0.49
1763369879,95546.7023435,0.46,0.49
1763369880,95546.7023435,0.45,0.49
1763369881,95546.0310956564,0.45,0.48
1763369882,95546.0892381564,0.45,0.48
1763369883,95546.0954815,0.45,0.47
1763369884,95546.1048565,0.45,0.48
1763369885,95541.296981,0.45,0.48
1763369886,95541.270139,0.44,0.47
1763369887,95533.157981,0.36,0.41
1763369888,95533.08833747802,0.31,0.42
1763369889,95531.06728177171,0.32,0.42
1763369890,95531.084893,0.34,0.38
1763369891,95531.6566615,0.34,0.39
1763369892,95531.3917765,0.34,0.4
1763369893,95531.4229535,0.35,0.4
1763369894,95526.9881097687,0.35,0.4
1763369895,95531.48670517231,0.34,0.39
1763369896,95531.7056045,0.34,0.38
1763369897,95531.7056045,0.34,0.38
1763369898,95530.53645904371,0.32,0.37
1763369899,95530.54275251558,0.32,0.34
1763369900,95529.13298427977,0.32,0.36
1763369901,95529.07099383879,0.27,0.35
1763369902,95529.07099383879,0.27,0.36
1763369903,95529.328187,0.27,0.34
1763369904,95529.416886,0.27,0.34
1763369905,95529.416803,0.33,0.34
1763369906,95529.38395560629,0.27,0.32
1763369907,95527.67421065287,0.27,0.32
1763369908,95527.68427615287,0.27,0.32
1763369909,95529.4591075,0.27,0.32
1763369910,95526.06152844543,0.27,0.33
1763369911,95526.08164994542,0.27,0.29
1763369912,95525.3953685,0.27,0.31
1763369913,95525.3930435,0.27,0.31
1763369914,95525.3795225,0.27,0.3
1763369915,95525.266472,0.27,0.3
1763369916,95525.294469,0.27,0.31
1763369917,95525.2749535,0.29,0.3
1763369918,95525.289479,0.28,0.31
1763369919,95525.291979,0.28,0.3
1763369920,95525.415158,0.28,0.33
1763369921,95525.446352,0.28,0.32
1763369922,95525.832311,0.28,0.33
1763369923,95526.0170995,0.27,0.32
1763369924,95526.1971395,0.27,0.32
1763369925,95527.321708813,0.32,0.33
1763369927,95540.903833541,0.4,0.52
1763369928,95541.405291541,0.47,0.5
1763369929,95546.8723814722,0.46,0.52
1763369930,95546.308039083,0.48,0.52
1763369931,95546.308039083,0.41,0.54
1763369932,95546.91858723958,0.51,0.53
1763369933,95547.14045916153,0.42,0.54
1763369934,95549.61565799918,0.5,0.53
1763369935,95549.63337849655,0.47,0.52
1763369936,95550.64812331187,0.5,0.56
1763369937,95551.13292395207,0.5,0.56
1763369938,95551.13292395207,0.47,0.54
1763369939,95551.20727674793,0.5,0.54
1763369940,95551.06703911032,0.47,0.5
1763369941,95551.9389475,0.49,0.5
1763369942,95551.38646667289,0.48,0.5
1763369943,95551.66869078534,0.49,0.51
1763369944,95551.66869078534,0.49,0.51
1763369945,95551.49045424596,0.49,0.52
1763369946,95551.80007725356,0.48,0.52
1763369947,95551.79829525357,0.49,0.52
1763369948,95552.437599,0.52,0.58
1763369949,95552.44392,0.51,0.6
1763369950,95559.15456008533,0.64,0.7
1763369951,95559.17104408533,0.67,0.7
1763369952,95561.52956155052,0.58,0.6
1763369953,95557.298679,0.58,0.66
1763369954,95557.11085203965,0.58,0.59
1763369955,95555.7648405,0.58,0.6
1763369956,95555.7404325,0.58,0.6
1763369957,95555.618564,0.39,0.42
1763369958,95555.5785005,0.41,0.42
1763369959,95543.457048,0.43,0.45
1763369960,95543.458048,0.41,0.48
1763369961,95543.513204,0.33,0.38
1763369962,95543.407392,0.33,0.42
1763369963,95548.710367,0.41,0.43
1763369964,95546.04405400154,0.4,0.43
1763369965,95546.3342363364,0.38,0.42
1763369966,95545.5823825,0.33,0.35
1763369967,95545.5823825,0.33,0.36
1763369968,95545.5334915,0.36,0.43
1763369969,95545.5141185,0.36,0.43
1763369970,95544.87905947461,0.36,0.42
1763369971,95545.54621,0.33,0.42
1763369972,95545.556516,0.33,0.41
1763369973,95545.6122605,0.34,0.41
1763369974,95545.654868,0.34,0.41
1763369975,95545.6606615,0.33,0.39
1763369976,95545.6781415,0.33,0.39
1763369977,95545.1138635,0.33,0.41
1763369978,95544.332829,0.33,0.38
1763369979,95544.3354375,0.33,0.42
1763369980,95544.3655745,0.33,0.43
1763369981,95544.362546,0.3,0.41
1763369982,95544.362546,0.3,0.41
1763369983,95544.75478996334,0.3,0.41
1763369984,95544.75478996334,0.29,0.41
1763369985,95545.0539043271,0.3,0.39
1763369986,95545.420567,0.3,0.41
1763369987,95545.417125,0.27,0.36
1763369988,95545.417125,0.3,0.36
1763369989,95545.4892475,0.24,0.41
1763369990,95545.4864895,0.27,0.34
1763369991,95545.4440465,0.26,0.33
1763369992,95545.4890245,0.26,0.38
1763369993,95545.4901115,0.25,0.33
1763369994,95545.3215315,0.18,0.33
1763369995,95545.3215315,0.1,0.31
1763369996,95545.83598938091,0.17,0.22
1763369997,95545.285942,0.14,0.18
1763369998,95545.285942,0.02,0.03
1763369999,95546.247341,0.47,0.49
1763370000,95546.2479775,0.47,0.49
1763370001,95545.322595,0.49,0.5
1763370002,95545.3395675,0.48,0.5
1763370003,95545.198372,0.48,0.5
1763370004,95545.198372,0.49,0.5
1763370005,95551.649623,0.5,0.51
1763370006,95553.14384988861,0.52,0.54
1763370007,95555.23713288437,0.52,0.54
1763370008,95554.85318280953,0.52,0.53
1763370009,95555.12638383103,0.52,0.54
1763370010,95555.12064633102,0.53,0.54
1763370011,95560.73036447061,0.53,0.54
1763370012,95561.24555297062,0.53,0.54
1763370013,95561.990442,0.53,0.55
1763370014,95562.1089212506,0.53,0.55
1763370015,95562.8060135,0.53,0.55
1763370016,95562.89979144552,0.53,0.55
1763370017,95564.15805,0.53,0.55
1763370018,95565.18038233905,0.54,0.56
1763370019,95565.65539483038,0.54,0.56
1763370020,95565.87114042633,0.54,0.56
1763370021,95565.41080817381,0.56,0.57
1763370022,95566.3042455,0.57,0.58
1763370023,95569.2340966566,0.57,0.58
1763370024,95577.31457991066,0.58,0.59
1763370025,95578.8481015,0.58,0.59
1763370026,95579.765514,0.58,0.59
1763370027,95579.789769,0.58,0.59
1763370028,95580.15133204537,0.61,0.62
1763370029,95583.21815921542,0.62,0.64
1763370030,95589.8212801922,0.62,0.64
1763370031,95592.2817312028,0.64,0.65
1763370032,95592.31107466815,0.64,0.65
1763370033,95596.49845004283,0.63,0.65
1763370034,95596.43556004282,0.63,0.65
1763370035,95596.68993796199,0.63,0.65
1763370036,95596.0879921362,0.65,0.67
1763370037,95596.32807194433,0.66,0.67
1763370038,95601.25678186795,0.66,0.67
1763370039,95600.35745278877,0.63,0.64
1763370040,95600.35773878876,0.63,0.64
1763370041,95596.13548222468,0.63,0.64
1763370042,95596.7460805,0.55,0.57
1763370043,95596.7323385,0.55,0.58
1763370044,95565.23804254553,0.55,0.58
1763370045,95565.94439020225,0.56,0.58
1763370046,95566.4975789844,0.56,0.58
1763370047,95566.49542027662,0.56,0.58
1763370048,95566.47703178633,0.56,0.58
1763370049,95566.25803850424,0.55,0.57
1763370050,95566.23588266355,0.55,0.57
1763370051,95566.45802536116,0.55,0.58
1763370052,95566.48130336116,0.55,0.57
1763370053,95566.30469839551,0.55,0.57
1763370054,95566.8332365,0.54,0.55
1763370055,95565.920947,0.54,0.55
1763370056,95563.06718869979,0.54,0.56
1763370057,95563.1028271998,0.55,0.56
1763370058,95564.10928770152,0.55,0.56
1763370059,95564.347714,0.54,0.56
1763370060,95563.70871964237,0.51,0.52
1763370061,95545.862898,0.45,0.46
1763370062,95537.64584411732,0.44,0.45
1763370063,95531.1225315,0.45,0.47
1763370064,95531.1240315,0.45,0.47
1763370065,95530.039786,0.45,0.46
1763370066,95531.1146135,0.44,0.46
1763370067,95531.113159,0.44,0.45
1763370068,95528.3244955,0.43,0.45
1763370069,95527.9351165,0.42,0.45
1763370070,95522.284174,0.42,0.43
1763370071,95522.284174,0.42,0.43
1763370072,95517.131036,0.4,0.41
1763370073,95510.840238,0.37,0.39
1763370074,95504.284453,0.36,0.39
1763370075,95503.8788205,0.37,0.38
1763370076,95503.8788205,0.37,0.38
1763370077,95503.636115,0.36,0.38
1763370078,95503.607573,0.36,0.38
1763370079,95500.4453645,0.34,0.35
1763370080,95500.3901665,0.34,0.36
1763370081,95492.74912672478,0.34,0.36
1763370082,95492.9620871578,0.35,0.36
1763370083,95492.9620871578,0.35,0.36
1763370084,95492.9194555,0.35,0.37
1763370085,95491.646592,0.35,0.37
1763370086,95491.6160415,0.35,0.37
1763370087,95491.414518,0.34,0.37
1763370088,95492.463652,0.35,0.37
1763370089,95492.190398,0.36,0.37
1763370090,95492.182898,0.35,0.36
1763370091,95488.0447565,0.35,0.36
1763370092,95487.9114935,0.35,0.36
1763370093,95487.1413165,0.35,0.36
1763370094,95487.1438165,0.33,0.35
1763370095,95486.50190246788,0.33,0.35
1763370096,95482.37676,0.32,0.33
1763370097,95479.848957,0.32,0.33
1763370098,95477.48782,0.32,0.33
1763370099,95476.335613,0.32,0.33
1763370100,95477.2468905,0.33,0.34
1763370101,95480.8932245,0.35,0.36
1763370102,95484.233962,0.34,0.36
1763370103,95486.889287044,0.34,0.36
1763370104,95489.00995258524,0.34,0.36
1763370105,95489.37677654036,0.34,0.35
1763370106,95485.1783865,0.33,0.35
1763370107,95484.0068775,0.33,0.35
1763370108,95482.56297903633,0.33,0.35
1763370109,95482.4030043264,0.33,0.35
1763370110,95482.318989,0.32,0.34
1763370111,95481.85319203623,0.32,0.34
1763370112,95481.69844213757,0.32,0.33
1763370113,95481.55881233317,0.32,0.33
1763370114,95478.900696,0.32,0.33
1763370115,95458.82571044941,0.27,0.28
1763370116,95449.7748395,0.26,0.27
1763370117,95448.16225556214,0.25,0.26
1763370119,95440.96731137716,0.22,0.24
1763370120,95427.10953380627,0.2,0.21
1763370121,95421.8781385,0.19,0.2
1763370122,95410.6837835,0.19,0.2
1763370123,95410.6802835,0.19,0.2
1763370124,95410.297877,0.2,0.21
1763370125,95412.7154555,0.19,0.2
1763370126,95411.4966235,0.2,0.21
1763370127,95407.78655978118,0.2,0.21
1763370128,95404.25147526634,0.2,0.21
1763370129,95399.4817015,0.18,0.2
1763370130,95399.4817015,0.18,0.2
1763370131,95395.85947648973,0.17,0.2
1763370132,95387.38186099933,0.17,0.18
1763370133,95389.31968830602,0.18,0.2
1763370134,95389.31968830602,0.2,0.22
1763370135,95401.79119479457,0.19,0.21
1763370137,95405.9138555,0.19,0.21
1763370138,95403.32607920072,0.18,0.21
1763370139,95405.0498965,0.16,0.18
1763370140,95389.28977155758,0.16,0.19
1763370141,95385.8762165,0.17,0.18
1763370142,95385.63,0.16,0.17
1763370143,95385.393709,0.16,0.17
1763370144,95386.1894305,0.16,0.17
1763370145,95385.47227820425,0.16,0.17
1763370146,95385.6601945,0.17,0.18
1763370148,95388.84704091237,0.17,0.18
1763370149,95389.3577055,0.17,0.18
1763370150,95389.2023735,0.17,0.18
1763370151,95385.060814,0.17,0.18
1763370152,95384.6092355,0.17,0.18
1763370153,95384.9906746453,0.17,0.18
1763370154,95384.715066,0.17,0.18
1763370155,95385.1713083138,0.16,0.18
1763370156,95383.05852707788,0.16,0.18
1763370157,95383.9584707189,0.16,0.17
1763370158,95383.33530506857,0.13,0.15
1763370159,95377.18324870948,0.13,0.14
1763370160,95367.9093325,0.13,0.14
1763370161,95365.2318108546,0.15,0.16
1763370162,95365.2318108546,0.13,0.14
1763370163,95352.85139519503,0.12,0.13
1763370164,95352.266948,0.12,0.14
1763370165,95354.33266992099,0.12,0.14
1763370166,95354.370567921,0.11,0.13
1763370167,95353.85077,0.11,0.12
1763370168,95352.04516,0.11,0.12
1763370169,95345.33883835738,0.11,0.12
1763370170,95338.7964525,0.1,0.11
1763370171,95336.7688865,0.1,0.11
1763370172,95329.8971242469,0.1,0.11
1763370173,95330.8654894506,0.1,0.11
1763370174,95325.8239,0.1,0.11
1763370175,95325.0950045,0.1,0.11
1763370176,95322.54283049532,0.11,0.12
1763370177,95320.42493270748,0.11,0.12
1763370178,95316.9157355,0.1,0.11
1763370179,95310.319261,0.1,0.11
1763370180,95297.6183395,0.1,0.11
1763370181,95309.95512802406,0.1,0.11
1763370182,95306.28978866489,0.1,0.11
1763370183,95317.6579605,0.11,0.12
1763370184,95317.681425,0.1,0.12
1763370185,95324.6451690584,0.1,0.12
1763370186,95324.6451690584,0.11,0.12
1763370187,95323.001937005,0.11,0.12
1763370188,95321.39595341538,0.11,0.12
1763370189,95320.237712,0.11,0.12
1763370190,95320.9797465,0.11,0.13
1763370191,95320.7593325,0.11,0.13
1763370192,95320.440972,0.12,0.14
1763370193,95320.440972,0.13,0.14
1763370194,95339.50116640881,0.11,0.13
1763370195,95339.4855188219,0.14,0.15
1763370196,95339.21255390401,0.14,0.15
1763370197,95344.2157634967,0.14,0.15
1763370198,95344.75907238733,0.14,0.16
1763370199,95353.16015057336,0.14,0.17
1763370200,95353.15433899246,0.13,0.15
1763370201,95353.33071378575,0.13,0.14
1763370202,95350.3055296476,0.13,0.14
1763370203,95342.79853723597,0.11,0.14
1763370204,95335.5864015,0.12,0.13
1763370205,95336.18640668818,0.12,0.14
1763370206,95336.483858,0.12,0.14
1763370207,95336.778291,0.12,0.14
1763370208,95336.776663,0.12,0.14
1763370209,95335.1480425,0.12,0.14
1763370210,95334.627143,0.12,0.13
1763370211,95333.6179965,0.12,0.13
1763370212,95327.3455575,0.12,0.13
1763370213,95326.2237565,0.12,0.13
1763370214,95325.748363,0.1,0.12
1763370215,95324.8312945,0.11,0.12
1763370216,95323.972986,0.11,0.12
1763370217,95323.972986,0.11,0.12
1763370218,95330.84341,0.11,0.13
1763370219,95330.621156,0.11,0.13
1763370220,95330.6137395,0.11,0.13
1763370221,95330.6536725,0.11,0.13
1763370222,95331.3215695,0.11,0.13
1763370223,95331.3215695,0.11,0.13
1763370224,95331.2200995,0.12,0.13
1763370225,95331.221223,0.12,0.13
1763370226,95334.7042065,0.12,0.13
1763370227,95335.9738600862,0.12,0.14
1763370228,95341.94364340643,0.12,0.14
1763370229,95341.92753640642,0.12,0.14
1763370230,95341.48328862649,0.12,0.14
1763370231,95340.85580354658,0.12,0.13
1763370232,95339.1510735,0.12,0.13
1763370233,95329.13906223343,0.12,0.13
1763370234,95329.13906223343,0.12,0.13
1763370235,95328.27506079474,0.12,0.13
1763370236,95328.3783415865,0.12,0.13
1763370237,95328.45890920154,0.12,0.13
1763370238,95328.45890920154,0.12,0.13
1763370239,95331.45158645333,0.12,0.13
1763370240,95331.71018145334,0.12,0.13
1763370241,95336.82353620624,0.12,0.13
1763370242,95340.8663455,0.12,0.13
1763370243,95340.8815895,0.12,0.14
1763370244,95342.21839552767,0.12,0.13
1763370245,95342.6297495,0.11,0.12
1763370246,95337.838061,0.11,0.12
1763370247,95337.277937,0.11,0.12
1763370248,95336.545914,0.1,0.12
1763370249,95335.664703,0.1,0.12
1763370250,95335.664703,0.1,0.12
1763370251,95335.22347974089,0.11,0.12
1763370252,95338.5955075275,0.11,0.12
1763370253,95339.0692005,0.11,0.12
1763370254,95339.1072765,0.11,0.12
1763370255,95339.1117765,0.11,0.12
1763370256,95340.820089325,0.11,0.12
1763370257,95341.02083059805,0.11,0.12
1763370258,95342.00931445225,0.11,0.12
1763370259,95342.00931445225,0.11,0.12
1763370260,95336.75652461148,0.11,0.12
1763370261,95341.29728099055,0.11,0.12
1763370262,95341.109848,0.1,0.11
1763370263,95333.28178469805,0.1,0.11
1763370264,95334.11387583586,0.1,0.11
1763370265,95332.97428315139,0.1,0.11
1763370266,95334.7307872019,0.1,0.11
1763370267,95333.72878144743,0.1,0.11
1763370268,95331.08257565432,0.1,0.11
1763370269,95331.08257565432,0.1,0.11
1763370270,95330.62391341834,0.1,0.11
1763370271,95330.05486080423,0.1,0.11
1763370272,95330.14921267939,0.1,0.11
1763370273,95330.0359755,0.1,0.11
1763370274,95330.036449,0.1,0.11
1763370275,95330.075053,0.1,0.11
1763370276,95330.48820743914,0.1,0.12
1763370277,95330.81843358118,0.1,0.12
1763370278,95333.98974481334,0.1,0.12
1763370279,95333.98974481334,0.1,0.12
1763370280,95340.2659385,0.1,0.12
1763370281,95340.2801145,0.1,0.12
1763370282,95340.278052,0.1,0.12
1763370283,95332.78758336815,0.1,0.11
1763370284,95333.2753745,0.1,0.11
1763370285,95335.922975,0.1,0.11
1763370286,95335.931475,0.1,0.11
1763370287,95335.991737,0.1,0.11
1763370288,95336.14512,0.1,0.12
1763370289,95336.14512,0.11,0.12
1763370290,95341.671652,0.11,0.12
1763370291,95343.6987605,0.11,0.12
1763370292,95346.55704410477,0.11,0.12
1763370293,95346.69051710478,0.11,0.12
1763370294,95345.76302159562,0.11,0.12
1763370295,95345.76302159562,0.11,0.12
1763370296,95346.02502860155,0.11,0.12
1763370297,95341.525195,0.1,0.12
1763370298,95340.27902120455,0.1,0.12
1763370299,95339.70515705667,0.1,0.11
1763370301,95331.4580465,0.1,0.11
1763370302,95331.172712,0.1,0.11
1763370303,95331.330048,0.1,0.11
1763370304,95331.323149,0.1,0.11
1763370305,95331.350286,0.1,0.11
1763370306,95331.350286,0.1,0.11
1763370307,95331.428691,0.1,0.11
1763370308,95331.427236,0.1,0.11
1763370309,95331.2005239677,0.1,0.11
1763370310,95331.2005239677,0.1,0.11
1763370311,95332.76355793534,0.1,0.11
1763370312,95331.6179767919,0.09,0.11
1763370313,95331.4031407919,0.09,0.1
1763370314,95331.371382,0.09,0.1
1763370315,95331.37728,0.09,0.1
1763370316,95331.37328,0.09,0.1
1763370317,95326.24144788118,0.09,0.1
1763370318,95323.42667947519,0.09,0.1
1763370319,95323.59830997519,0.09,0.1
1763370320,95326.32157386495,0.09,0.1
1763370321,95327.16775450569,0.09,0.1
1763370322,95327.16775450569,0.09,0.1
1763370323,95328.64549862733,0.09,0.1
1763370324,95328.45981804005,0.09,0.1
1763370325,95328.5191805,0.09,0.1
1763370326,95328.650413,0.09,0.1
1763370327,95328.7132519039,0.09,0.11
1763370329,95324.9996345,0.09,0.11
1763370330,95325.240965,0.08,0.1
1763370331,95325.149355,0.08,0.11
1763370332,95325.1520125,0.1,0.11
1763370333,95327.39490599235,0.1,0.11
1763370334,95334.314687,0.1,0.12
1763370335,95340.81971495633,0.1,0.12
1763370336,95342.40269578974,0.1,0.12
1763370337,95343.54839825846,0.1,0.11
1763370338,95339.12836295717,0.1,0.11
1763370339,95338.18113095716,0.1,0.11
1763370340,95336.431722,0.1,0.11
1763370341,95336.529431,0.1,0.11
1763370342,95338.6079882398,0.1,0.12
1763370343,95337.56853003157,0.1,0.12
1763370344,95332.660264,0.1,0.12
1763370345,95334.53062394157,0.1,0.12
1763370346,95338.08471004415,0.1,0.12
1763370347,95335.51574222973,0.1,0.12
1763370348,95335.28815467538,0.1,0.12
1763370349,95338.011302,0.1,0.12
1763370350,95338.022225,0.1,0.12
1763370351,95340.81701953993,0.1,0.12
1763370352,95340.86816353993,0.09,0.1
1763370354,95343.29869368895,0.09,0.1
1763370355,95340.224996,0.1,0.11
1763370356,95339.54204444963,0.1,0.11
1763370357,95338.7995955,0.1,0.11
1763370358,95338.9161515,0.1,0.11
1763370359,95339.206192,0.1,0.12
1763370360,95343.22393835316,0.1,0.12
1763370361,95343.18054135263,0.1,0.12
1763370362,95346.7603635,0.1,0.12
1763370363,95346.7603635,0.1,0.12
1763370364,95346.7807915,0.1,0.12
1763370365,95346.845181,0.1,0.12
1763370366,95348.06085019177,0.1,0.12
1763370367,95349.39317508036,0.1,0.12
1763370368,95349.37211958037,0.1,0.12
1763370369,95349.18224582782,0.1,0.12
1763370370,95349.10183827743,0.1,0.12
1763370371,95349.12335623299,0.1,0.12
1763370372,95348.79322085615,0.1,0.12
1763370373,95348.77033685615,0.1,0.12
1763370374,95349.1278485,0.1,0.12
1763370375,95349.1278485,0.1,0.12
1763370376,95345.87581528304,0.1,0.12
1763370377,95345.87581528304,0.1,0.12
1763370378,95348.92144985912,0.1,0.12
1763370379,95348.91480635911,0.1,0.12
1763370380,95348.9638486749,0.1,0.11
1763370381,95347.9547066266,0.09,0.1
1763370382,95339.96358,0.08,0.1
1763370383,95337.98655720704,0.08,0.1
1763370384,95333.97368,0.08,0.1
1763370385,95333.97368,0.08,0.1
1763370386,95335.9886005,0.08,0.1
1763370387,95335.9886005,0.08,0.1
1763370388,95335.91139156406,0.08,0.1
1763370389,95335.91139156406,0.08,0.09
1763370390,95335.47138293422,0.08,0.09
1763370391,95327.6388185,0.08,0.09
1763370392,95327.6388185,0.08,0.09
1763370393,95325.98807454476,0.08,0.09
1763370394,95328.885322067,0.08,0.09
1763370395,95328.889322067,0.08,0.09
1763370396,95328.88965385906,0.08,0.09
1763370397,95328.88965385906,0.08,0.09
1763370398,95328.89532504663,0.08,0.09
1763370399,95328.739508,0.08,0.09
1763370400,95328.739508,0.08,0.09
1763370401,95328.74355416672,0.08,0.09
1763370402,95328.74355416672,0.08,0.09
1763370403,95325.58342533739,0.08,0.09
1763370404,95318.9136445,0.07,0.08
1763370405,95317.879328,0.07,0.08
1763370406,95317.7972055,0.07,0.08
1763370407,95317.87791,0.07,0.08
1763370408,95317.8805185,0.06,0.08
1763370409,95317.8805185,0.06,0.08
1763370410,95317.78581,0.06,0.08
1763370411,95317.856767,0.06,0.08
1763370412,95317.8679085,0.05,0.07
1763370413,95317.8679085,0.05,0.06
1763370414,95293.810336,0.05,0.06
1763370415,95288.6233625,0.05,0.06
1763370416,95287.1150005,0.05,0.06
1763370417,95281.9755645,0.05,0.06
1763370418,95281.7818825,0.05,0.06
1763370419,95283.298784,0.05,0.06
1763370420,95282.9238193268,0.04,0.06
1763370421,95274.81367,0.05,0.06
1763370422,95282.54532714451,0.05,0.06
1763370423,95282.54532714451,0.05,0.06
1763370424,95284.46126112684,0.05,0.06
1763370425,95284.15620489653,0.05,0.06
1763370426,95284.8808339856,0.05,0.06
1763370427,95277.40582586077,0.05,0.06
1763370428,95274.19317990041,0.05,0.06
1763370429,95271.68682041248,0.05,0.06
1763370430,95270.59196892749,0.05,0.06
1763370431,95270.59196892749,0.05,0.06
1763370432,95270.19237705796,0.05,0.06
1763370433,95270.1852132732,0.05,0.06
1763370434,95270.2601005,0.05,0.06
1763370435,95267.8155235,0.05,0.06
1763370436,95267.870728,0.05,0.06
1763370437,95267.4107885,0.05,0.06
1763370438,95267.4719105,0.05,0.06
1763370439,95267.561623,0.05,0.06
1763370441,95267.4717325,0.05,0.06
1763370442,95267.261153,0.04,0.05
1763370443,95265.12113983574,0.04,0.06
1763370444,95265.38528125532,0.04,0.05
1763370445,95267.7753865,0.04,0.05
1763370446,95267.774035,0.04,0.05
1763370447,95272.82370328158,0.04,0.05
1763370448,95283.05332264183,0.05,0.06
1763370449,95298.3903176737,0.05,0.06
1763370450,95306.0524107394,0.05,0.07
1763370451,95307.74682875806,0.05,0.06
1763370452,95309.30864720116,0.05,0.06
1763370453,95309.3887548394,0.05,0.06
1763370454,95295.24945622598,0.05,0.06
1763370455,95293.019739,0.04,0.06
1763370456,95297.4008875,0.05,0.07
1763370457,95302.4542625,0.06,0.07
1763370458,95307.1584415,0.06,0.07
1763370459,95308.35535331578,0.05,0.07
1763370460,95307.33541750172,0.06,0.08
1763370461,95308.37366380217,0.06,0.08
1763370462,95308.37366380217,0.06,0.08
1763370463,95309.70004276362,0.06,0.08
1763370464,95309.7505594966,0.06,0.08
1763370465,95311.07367012223,0.06,0.07
1763370466,95310.11911407234,0.06,0.07
1763370467,95311.41377257752,0.05,0.07
1763370468,95306.00659845582,0.05,0.07
1763370469,95306.00659845582,0.06,0.07
1763370470,95305.62103802407,0.06,0.07
1763370471,95305.39504006316,0.06,0.07
1763370472,95299.30191858106,0.05,0.06
1763370473,95299.26145929053,0.05,0.06
1763370474,95287.28922428846,0.05,0.06
1763370475,95284.8321385,0.05,0.06
1763370476,95284.57245,0.05,0.06
1763370477,95294.10352526089,0.05,0.06
1763370478,95295.488364,0.05,0.06
1763370479,95294.26663062967,0.05,0.06
1763370480,95294.26663062967,0.05,0.06
1763370481,95293.5405985,0.05,0.06
1763370482,95293.85035448842,0.05,0.06
1763370483,95290.968518,0.05,0.06
1763370484,95293.0774375,0.05,0.06
1763370485,95292.973796,0.05,0.06
1763370486,95296.902293,0.05,0.06
1763370487,95297.032011,0.05,0.06
1763370488,95300.7184645,0.05,0.06
1763370489,95299.9710025,0.05,0.06
1763370490,95292.846771299,0.04,0.05
1763370491,95281.0135655,0.04,0.05
1763370492,95281.003894,0.04,0.06
1763370493,95280.3371685,0.04,0.05
1763370494,95280.341558,0.04,0.05
1763370495,95280.334155,0.04,0.05
1763370496,95280.0363435,0.04,0.05
1763370497,95280.6614745,0.04,0.05
1763370498,95274.877693,0.04,0.05
1763370499,95274.662876,0.04,0.05
1763370500,95274.581104,0.04,0.05
1763370501,95274.7374415,0.03,0.05
1763370502,95274.7374415,0.04,0.05
1763370503,95276.91911,0.04,0.05
1763370504,95276.9210595,0.04,0.05
1763370505,95277.105821,0.03,0.04
1763370506,95277.090639,0.03,0.04
1763370507,95277.0949895,0.03,0.04
1763370508,95277.0681105,0.03,0.04
1763370509,95277.0681105,0.03,0.04
1763370510,95277.69976279538,0.03,0.04
1763370511,95277.69897933859,0.03,0.04
1763370512,95277.69897933859,0.03,0.04
1763370513,95275.90865312087,0.03,0.04
1763370514,95275.90865312087,0.03,0.04
1763370515,95267.2606805,0.03,0.04
1763370516,95265.026227,0.03,0.04
1763370517,95264.8264265,0.03,0.04
1763370518,95264.830032,0.03,0.04
1763370519,95264.7695885,0.03,0.04
1763370520,95264.7825505,0.03,0.04
1763370521,95268.4455125,0.03,0.04
1763370522,95268.2807705,0.03,0.04
1763370523,95267.1777595,0.03,0.04
1763370524,95270.61147841024,0.02,0.05
1763370525,95270.61147841024,0.02,0.05
1763370526,95270.49617235953,0.03,0.05
1763370527,95270.5729235,0.03,0.05
1763370528,95270.681127,0.03,0.05
1763370529,95270.7891075,0.03,0.05
1763370530,95269.01183201796,0.03,0.04
1763370531,95270.45960638857,0.03,0.04
1763370532,95262.730541,0.03,0.04
1763370533,95262.6663540886,0.03,0.04
1763370534,95262.52108726093,0.03,0.04
1763370535,95267.68924881764,0.03,0.05
1763370536,95269.4771295,0.03,0.05
1763370537,95275.288522,0.03,0.05
1763370538,95274.535836,0.03,0.05
1763370539,95274.337356,0.03,0.05
1763370540,95274.3320325,0.03,0.05
1763370541,95275.000859,0.03,0.05
1763370542,95275.0350655,0.03,0.06
1763370543,95295.4608604156,0.03,0.05
1763370544,95297.2462123734,0.03,0.05
1763370545,95298.76359952976,0.03,0.05
1763370546,95298.00957430626,0.03,0.05
1763370547,95298.88139443683,0.03,0.05
1763370548,95299.2351900142,0.03,0.05
1763370549,95299.2351900142,0.03,0.04
1763370550,95290.00361843688,0.03,0.04
1763370551,95287.831379,0.03,0.04
1763370552,95279.860438,0.03,0.04
1763370553,95279.70060136398,0.03,0.04
1763370554,95275.4654275,0.03,0.04
1763370555,95275.4654275,0.03,0.04
1763370556,95277.524344,0.03,0.04
1763370557,95274.2699445,0.03,0.04
1763370558,95273.62254075991,0.03,0.04
1763370559,95263.3450305,0.03,0.04
1763370560,95262.76836311651,0.03,0.04
1763370561,95256.3944450651,0.02,0.04
1763370562,95248.5246845,0.02,0.03
1763370563,95247.0361355,0.02,0.03
1763370564,95244.6361905,0.02,0.03
1763370565,95243.161985,0.02,0.03
1763370566,95242.440819,0.02,0.03
1763370567,95239.388614,0.02,0.03
1763370568,95239.259378,0.02,0.03
1763370569,95238.20387,0.02,0.03
1763370570,95238.171406,0.02,0.03
1763370571,95238.1676375,0.02,0.03
1763370572,95238.743089,0.02,0.03
1763370573,95240.8515555,0.02,0.03
1763370574,95250.358126,0.02,0.03
1763370575,95254.73860798433,0.02,0.03
1763370576,95258.14525683699,0.02,0.03
1763370577,95264.22116220128,0.02,0.03
1763370578,95269.08279277927,0.02,0.03
1763370579,95270.48135170294,0.02,0.03
1763370581,95268.82806787344,0.02,0.03
1763370582,95269.80649462293,0.02,0.03
1763370583,95272.32280050387,0.02,0.03
1763370584,95282.0685695,0.02,0.03
1763370585,95289.90700437514,0.02,0.03
1763370586,95290.94750337514,0.02,0.04
1763370587,95292.97062532131,0.02,0.04
1763370588,95296.8889530656,0.03,0.04
1763370589,95297.06429346139,0.03,0.04
1763370590,95301.10263513117,0.03,0.04
1763370591,95300.57303925257,0.03,0.04
1763370592,95302.47979901859,0.03,0.04
1763370593,95303.12490118106,0.03,0.04
1763370594,95303.47093984368,0.03,0.04
1763370595,95304.64204550449,0.03,0.04
1763370596,95306.71855737455,0.03,0.04
1763370597,95306.71855737455,0.03,0.04
1763370598,95310.00650995462,0.03,0.04
1763370599,95310.00650995462,0.03,0.04
1763370600,95310.8290238914,0.03,0.04
1763370601,95311.28215116146,0.03,0.04
1763370602,95309.9234771588,0.03,0.04
1763370603,95309.9234771588,0.02,0.04
1763370604,95310.94131080883,0.02,0.04
1763370605,95315.91665952437,0.02,0.03
1763370606,95314.9966467696,0.02,0.03
1763370607,95314.9966467696,0.02,0.03
1763370608,95318.92380910605,0.02,0.04
1763370609,95318.92380910605,0.02,0.03
1763370610,95321.70281445712,0.02,0.03
1763370611,95326.79802385691,0.03,0.04
1763370612,95333.60904723522,0.03,0.04
1763370613,95333.60904723522,0.04,0.05
1763370614,95349.09849002858,0.04,0.05
1763370615,95350.63393113816,0.04,0.05
1763370616,95347.90053690349,0.04,0.05
1763370617,95350.27749795023,0.04,0.05
1763370618,95356.1370366508,0.04,0.05
1763370619,95356.35369432095,0.04,0.05
1763370620,95357.40016168902,0.05,0.06
1763370621,95356.78662400525,0.03,0.05
1763370622,95336.7165774318,0.03,0.05
1763370623,95336.4099137159,0.03,0.05
1763370624,95333.74870493099,0.03,0.05
1763370625,95333.7590616369,0.03,0.04
1763370626,95335.35814055665,0.03,0.04
1763370627,95335.153027101,0.03,0.04
1763370628,95335.153027101,0.03,0.04
1763370629,95334.78642677261,0.03,0.04
1763370630,95335.43888082058,0.02,0.04
1763370631,95335.44087679952,0.02,0.04
1763370632,95335.46192394901,0.02,0.04
1763370633,95335.46192394901,0.02,0.04
1763370634,95335.71003530038,0.03,0.04
1763370635,95327.02479103052,0.03,0.04
1763370636,95331.77038906573,0.02,0.04
1763370637,95331.84942738485,0.03,0.04
1763370638,95340.43725294655,0.03,0.05
1763370639,95340.43725294655,0.04,0.05
1763370640,95354.9935294715,0.04,0.06
1763370641,95356.30715705211,0.04,0.06
1763370642,95357.43604695766,0.04,0.06
1763370643,95357.43604695766,0.04,0.06
1763370644,95357.58278319876,0.04,0.06
1763370645,95357.58278319876,0.04,0.06
1763370646,95357.99407295008,0.04,0.06
1763370647,95355.9452965018,0.04,0.06
1763370648,95370.42312862395,0.05,0.06
1763370649,95371.47412302379,0.05,0.06
1763370650,95375.14037579448,0.05,0.06
1763370651,95375.1740320041,0.05,0.06
1763370652,95376.52148662954,0.06,0.08
1763370653,95382.03878823324,0.06,0.08
1763370654,95382.66613583939,0.07,0.08
1763370655,95383.1910945709,0.07,0.08
1763370656,95389.84315249439,0.07,0.08
1763370657,95392.30682097233,0.07,0.08
1763370658,95392.40788842719,0.07,0.08
1763370659,95392.28899720043,0.07,0.08
1763370660,95392.20691052158,0.06,0.08
1763370661,95385.12942432934,0.07,0.08
1763370662,95385.12942432934,0.07,0.08
1763370663,95383.7608815,0.07,0.08
1763370664,95383.71042999564,0.07,0.08
1763370665,95383.7252554791,0.07,0.08
1763370666,95386.42738871601,0.07,0.08
1763370667,95388.54570599511,0.07,0.08
1763370668,95391.155546,0.07,0.08
1763370669,95391.298003,0.07,0.1
1763370671,95410.7501713842,0.08,0.11
1763370672,95411.01535310842,0.08,0.11
1763370673,95411.15277385646,0.08,0.1
1763370674,95411.34693212905,0.08,0.11
1763370675,95410.57655522473,0.07,0.09
1763370676,95400.47561925772,0.06,0.08
1763370677,95398.753011,0.06,0.08
1763370678,95387.96303248106,0.05,0.08
1763370679,95387.29996997667,0.05,0.08
1763370680,95386.80391757493,0.05,0.08
1763370681,95384.9796715,0.05,0.08
1763370682,95384.57299314777,0.05,0.08
1763370683,95384.773355,0.04,0.06
1763370684,95379.51749344236,0.06,0.07
1763370685,95372.50276609731,0.1,0.12
1763370686,95416.1365527996,0.1,0.12
1763370687,95416.74550833109,0.09,0.12
1763370688,95416.10239041103,0.09,0.12
1763370689,95414.39844458328,0.1,0.11
1763370690,95414.39844458328,0.11,0.12
1763370691,95426.01379175542,0.11,0.13
1763370692,95430.67950001078,0.11,0.12
1763370693,95430.12650372618,0.11,0.12
1763370694,95432.24124915688,0.11,0.12
1763370695,95432.3253152938,0.11,0.15
1763370696,95432.3253152938,0.12,0.15
1763370697,95434.95934802612,0.12,0.15
1763370698,95437.19363277704,0.11,0.15
1763370699,95437.29560582798,0.11,0.15
1763370700,95436.49451434247,0.11,0.15
1763370701,95436.49451434247,0.11,0.12
1763370702,95438.73288246083,0.11,0.12
1763370703,95438.56337393864,0.11,0.12
1763370704,95438.56337393864,0.11,0.12
1763370705,95438.45182438097,0.14,0.15
1763370706,95445.34919152461,0.14,0.15
1763370707,95445.34919152461,0.14,0.15
1763370708,95444.5213891014,0.16,0.19
1763370709,95444.5213891014,0.14,0.19
1763370710,95449.10212703103,0.18,0.19
1763370711,95450.21715137357,0.17,0.19
1763370712,95450.21715137357,0.17,0.2
1763370713,95459.11925537775,0.14,0.17
1763370714,95458.10298242906,0.14,0.17
1763370715,95454.23878255868,0.14,0.17
1763370716,95457.0135053826,0.14,0.17
1763370717,95457.0135053826,0.14,0.16
1763370718,95461.45649809274,0.16,0.19
1763370719,95463.56704533834,0.16,0.19
1763370720,95464.34023746882,0.16,0.19
1763370721,95464.96627968409,0.16,0.17
1763370722,95461.66633559065,0.16,0.18
1763370723,95460.54483621007,0.16,0.17
1763370724,95460.00717167695,0.16,0.17
1763370725,95463.6695901214,0.21,0.25
1763370726,95476.27582642372,0.21,0.25
1763370727,95477.79078427817,0.21,0.24
1763370728,95477.79078427817,0.21,0.24
1763370729,95478.05413419526,0.23,0.25
1763370730,95480.55469096186,0.26,0.28
1763370731,95484.40336026512,0.27,0.3
1763370732,95484.82843810561,0.14,0.18
1763370733,95476.79713160211,0.11,0.14
1763370734,95447.56240029924,0.11,0.14
1763370735,95444.3817913786,0.1,0.14
1763370736,95443.629292,0.11,0.12
1763370737,95438.97267815482,0.11,0.12
1763370738,95439.7539125,0.11,0.12
1763370739,95439.10083482452,0.11,0.12
1763370741,95438.18983654756,0.11,0.12
1763370742,95438.08477822947,0.11,0.12
1763370743,95438.08477822947,0.11,0.12
1763370744,95437.24647790211,0.08,0.1
1763370745,95436.1617724021,0.06,0.1
1763370746,95421.16569,0.06,0.1
1763370747,95421.16569,0.06,0.1
1763370748,95420.661758,0.06,0.1
1763370749,95420.6882595,0.06,0.1
1763370750,95420.424581,0.06,0.1
1763370751,95420.1170735,0.06,0.1
1763370752,95420.010711,0.06,0.1
1763370753,95420.41886868131,0.06,0.11
1763370754,95423.30534438552,0.06,0.11
1763370755,95419.70247364744,0.06,0.09
1763370756,95419.70247364744,0.05,0.09
1763370757,95424.420118,0.05,0.09
1763370758,95423.822685,0.05,0.09
1763370759,95424.056476,0.07,0.09
1763370760,95429.52730414737,0.07,0.11
1763370761,95429.9381605,0.07,0.11
1763370762,95430.07233564295,0.07,0.12
1763370763,95430.53854105517,0.07,0.11
1763370764,95434.96519475618,0.07,0.1
1763370765,95434.96519475618,0.07,0.1
1763370766,95435.29800372994,0.07,0.11
1763370767,95435.4492385808,0.07,0.11
1763370768,95435.44938798429,0.07,0.11
1763370769,95435.321046515,0.05,0.06
1763370770,95433.15534759684,0.05,0.06
1763370771,95418.628941,0.05,0.06
1763370772,95420.107441,0.06,0.07
1763370773,95420.107441,0.04,0.07
1763370774,95419.5374875,0.04,0.07
1763370775,95419.528366,0.04,0.07
1763370776,95417.7137355,0.04,0.05
1763370777,95417.41128630591,0.02,0.05
1763370778,95417.41128630591,0.02,0.05
1763370779,95418.72704153684,0.02,0.03
1763370780,95418.73320253684,0.03,0.07
1763370781,95418.71585820764,0.03,0.06
1763370782,95423.90361521425,0.06,0.09
1763370783,95425.085886,0.05,0.1
1763370784,95438.41079197644,0.08,0.12
1763370785,95438.28145006063,0.08,0.12
1763370786,95456.579717739,0.08,0.12
1763370787,95458.22946428851,0.08,0.18
1763370788,95469.46248979778,0.09,0.12
1763370789,95469.46248979778,0.08,0.1
1763370790,95464.80363555289,0.08,0.1
1763370791,95464.80363555289,0.08,0.11
1763370792,95459.0225794672,0.04,0.08
1763370793,95439.04729184626,0.04,0.07
1763370794,95439.454654039,0.04,0.06
1763370795,95438.08221984745,0.04,0.06
1763370796,95438.68927311715,0.04,0.06
1763370797,95438.68064661715,0.04,0.07
1763370798,95438.27152362766,0.04,0.07
1763370799,95438.57663995221,0.03,0.07
1763370800,95438.74315041532,0.04,0.08
1763370801,95440.02457928828,0.04,0.08
1763370802,95440.97703152505,0.04,0.08
1763370803,95441.96087943614,0.04,0.07
1763370804,95441.96087943614,0.04,0.08
1763370805,95445.4585265,0.04,0.08
1763370806,95445.76681748133,0.04,0.08
1763370807,95444.5833475,0.04,0.07
1763370808,95444.5520805,0.03,0.07
1763370809,95444.576298,0.03,0.07
1763370810,95444.45111177284,0.03,0.05
1763370811,95441.0470085,0.03,0.05
1763370812,95440.34895196417,0.03,0.05
1763370813,95438.2557095141,0.03,0.05
1763370814,95439.09867644592,0.02,0.05
1763370815,95439.09867644592,0.02,0.03
1763370816,95437.78463201551,0.02,0.05
1763370817,95437.8171163891,0.02,0.05
1763370818,95438.60490735814,0.03,0.05
1763370819,95438.45762864035,0.02,0.05
1763370820,95442.71604325513,0.04,0.05
1763370821,95442.72641425513,0.04,0.09
1763370822,95458.50014536524,0.04,0.05
1763370823,95458.95278706148,0.04,0.05
1763370824,95461.55249695767,0.04,0.05
1763370825,95461.55249695767,0.04,0.05
1763370826,95462.2876669184,0.04,0.07
1763370827,95462.2876669184,0.05,0.07
1763370828,95464.6003925,0.04,0.07
1763370829,95465.48420464144,0.05,0.07
1763370830,95465.4693713791,0.05,0.07
1763370831,95465.53642165517,0.05,0.07
1763370832,95465.35487018332,0.05,0.07
1763370833,95465.34040892537,0.04,0.07
1763370834,95464.01890892537,0.04,0.06
1763370835,95457.84811583887,0.04,0.06
1763370836,95456.99237508602,0.04,0.05
1763370837,95456.99237508602,0.02,0.04
1763370838,95454.31216967836,0.02,0.04
1763370839,95453.32818530149,0.02,0.04
1763370840,95453.783018,0.01,0.03
1763370841,95453.627808,0.01,0.03
1763370842,95445.7589920223,0.01,0.03
1763370843,95445.75449202229,0.01,0.03
1763370844,95447.45883205057,0.01,0.02
1763370845,95447.42519425548,0.01,0.02
1763370846,95445.64295059138,0.01,0.02
1763370847,95443.650128,0.01,0.02
1763370848,95443.6355325,0.01,0.02
1763370849,95443.3603255,0.01,0.02
1763370850,95443.6327265,0.0,0.01
1763370851,95445.375522,0.0,0.01
1763370852,95445.3819565,0.0,0.01
1763370853,95447.687827,0.0,0.01
1763370854,95447.687133,0.0,0.01
1763370855,95455.9575315,0.0,0.02
1763370856,95459.346116,0.0,0.02
1763370857,95459.376722,0.0,0.02
1763370858,95459.8205415,0.0,0.02
1763370859,95459.949015,0.0,0.02
1763370860,95459.7688545,0.01,0.02
1763370861,95460.466637318,0.01,0.02
1763370862,95460.49425692987,0.01,0.02
1763370863,95461.991053,0.01,0.02
1763370864,95461.989053,0.01,0.02
1763370865,95461.9131935,0.01,0.02
1763370866,95461.985679,0.01,0.02
1763370867,95461.85101458717,,0.01
1763370868,95459.1283825,0.0,0.01
1763370869,95459.088546,0.0,0.01
1763370870,95459.087546,0.0,0.01
1763370871,95454.848252,0.0,0.01
1763370872,95451.970081,0.0,0.01
1763370873,95451.969581,0.0,0.01
1763370874,95451.969581,0.0,0.01
1763370875,95450.1106265,0.0,0.01
1763370876,95450.1306235,0.0,0.01
1763370877,95450.27297,0.0,0.01
1763370878,95451.8768065,0.0,0.01
1763370879,95452.665823,0.0,0.01
1763370880,95451.8366015,0.0,0.01
1763370881,95452.7702675,0.0,0.01
1763370882,95453.006394,0.0,0.01
1763370883,95452.4917375,0.0,0.01
1763370884,95452.256982,0.0,0.01
1763370885,95452.278599,0.0,0.01
1763370886,95452.278599,0.0,0.01
1763370887,95450.152195,0.0,0.01
1763370888,95450.152447,0.0,0.01
1763370889,95449.9834,0.0,0.01
1763370890,95449.9834,0.0,0.01
1763370891,95449.028759,0.0,0.01
1763370892,95449.028759,0.0,0.01
1763370893,95448.0748575,0.0,0.01
1763370894,95448.1332985,0.0,0.01
1763370895,95449.062337,,0.01
1763370896,95449.062337,,0.01
1763370897,95449.648461,,0.01
1763370898,95449.6748045,0.0,0.01
1763370899,95449.8805335,0.51,0.52
1763370900,95449.8805335,0.51,0.52
1763370901,95451.46881783604,0.51,0.52
1763370902,95450.77970926015,0.51,0.52
1763370903,95450.77970926015,0.51,0.52
1763370904,95451.1428715,0.51,0.52
1763370905,95448.06955233421,0.5,0.51
1763370906,95448.06955233421,0.5,0.51
1763370907,95445.18399969905,0.5,0.51
1763370908,95448.87432580425,0.5,0.52
1763370909,95449.66009470886,0.5,0.52
1763370910,95453.912115,0.5,0.52
1763370911,95453.869555,0.51,0.52
1763370912,95453.869555,0.51,0.52
1763370913,95459.319837,0.52,0.56
1763370914,95465.511168,0.52,0.57
1763370915,95465.4183805,0.52,0.56
1763370916,95465.4183805,0.52,0.56
1763370917,95467.3086,0.52,0.55
1763370918,95464.3052391101,0.52,0.54
1763370919,95460.74169879896,0.52,0.54
1763370920,95460.48464768306,0.54,0.56
1763370921,95460.48464768306,0.53,0.55
1763370922,95461.04450514716,0.52,0.54
1763370923,95462.131945869,0.51,0.53
1763370924,95458.81077000649,0.51,0.53
1763370925,95457.270086,0.51,0.53
1763370926,95456.947951,0.51,0.53
1763370927,95456.947951,0.51,0.53
1763370928,95457.000993,0.51,0.52
1763370929,95456.9299195,0.51,0.52
1763370930,95448.8726345,0.5,0.51
1763370931,95448.75464374099,0.5,0.51
1763370932,95447.82434026801,0.5,0.51
1763370933,95447.4701575,0.5,0.51
1763370934,95447.2263678364,0.5,0.51
1763370935,95448.51059368442,0.5,0.52
1763370936,95449.78538546116,0.5,0.52
1763370937,95448.88441213609,0.5,0.52
1763370938,95452.5795875,0.52,0.53
1763370939,95455.6211735,0.52,0.53
1763370940,95458.5124545,0.52,0.53
1763370941,95458.581729,0.52,0.53
1763370942,95458.95572504323,0.52,0.53
1763370943,95458.16864207368,0.52,0.53
1763370944,95458.3906509364,0.52,0.53
1763370945,95457.74583984287,0.52,0.53
1763370946,95457.69894232482,0.52,0.53
1763370947,95457.64841564407,0.52,0.53
1763370948,95457.46708644895,0.52,0.53
1763370949,95459.38568671653,0.52,0.53
1763370950,95459.38842970454,0.52,0.53
1763370951,95459.77551599077,0.52,0.53
1763370952,95461.1061535,0.52,0.53
1763370953,95461.70864764384,0.52,0.53
1763370954,95460.99707902891,0.52,0.53
1763370955,95461.01759350812,0.53,0.54
1763370956,95460.92368448644,0.53,0.54
1763370957,95459.31258332042,0.53,0.54
1763370958,95457.11656880693,0.53,0.54
1763370959,95457.09964361657,0.53,0.55
1763370960,95459.49762250256,0.53,0.54
1763370961,95460.1554480642,0.53,0.54
1763370962,95459.88040770494,0.53,0.54
1763370963,95459.87762870494,0.53,0.54
1763370964,95461.33070787667,0.53,0.54
1763370965,95461.33070787667,0.53,0.54
1763370966,95460.31599652079,0.53,0.55
1763370967,95460.42173653061,0.53,0.54
1763370968,95460.09875330214,0.53,0.54
1763370969,95460.7673685,0.52,0.54
1763370970,95458.90342162385,0.52,0.54
1763370971,95458.49081042764,0.52,0.54
1763370972,95458.50153065125,0.52,0.54
1763370973,95458.50135320381,0.52,0.54
1763370974,95458.50135320381,0.52,0.54
1763370975,95458.52152991484,0.52,0.54
1763370976,95459.44839795507,0.53,0.55
1763370977,95459.65237008,0.53,0.55
1763370978,95461.33658875924,0.53,0.55
1763370979,95461.35811014319,0.53,0.55
1763370980,95461.458118,0.53,0.54
1763370981,95461.458118,0.53,0.54
1763370982,95461.25078219955,0.52,0.54
1763370983,95461.25078219955,0.52,0.54
1763370984,95460.6583494937,0.52,0.54
1763370985,95459.26895011375,0.52,0.54
1763370986,95459.26895011375,0.52,0.54
1763370987,95458.9233599396,0.52,0.53
1763370988,95458.92284761152,0.52,0.54
1763370989,95459.5864645,0.52,0.54
1763370990,95459.70219073103,0.52,0.54
1763370991,95459.990979,0.52,0.54
1763370992,95460.26655280794,0.52,0.54
1763370993,95460.30177280794,0.52,0.54
1763370994,95460.85340784148,0.52,0.54
1763370995,95461.40976806145,0.52,0.54
1763370996,95462.4038435,0.52,0.54
1763370997,95462.386772,0.53,0.54
1763370998,95462.402502,0.53,0.54
1763370999,95463.2230405,0.53,0.54
1763371000,95463.2230405,0.53,0.54
1763371001,95464.76083539936,0.53,0.54
1763371002,95461.54347819145,0.53,0.54
1763371003,95461.54347819145,0.52,0.54
1763371004,95460.630683,0.52,0.54
1763371005,95460.627943,0.52,0.54
1763371006,95460.565458,0.52,0.54
1763371007,95461.15428261524,0.52,0.54
1763371008,95461.15682885374,0.52,0.54
1763371009,95461.15682885374,0.53,0.54
1763371010,95464.04764473373,0.54,0.56
1763371011,95468.995683,0.54,0.56
1763371012,95469.251973,0.55,0.56
1763371013,95469.8425215,0.55,0.56
1763371014,95469.8335215,0.55,0.56
1763371015,95470.41123,0.55,0.57
1763371016,95470.41123,0.56,0.57
1763371017,95469.86241886737,0.56,0.58
1763371018,95476.006722439,0.58,0.6
1763371019,95478.0665275,0.59,0.6
1763371020,95480.37501127501,0.61,0.62
1763371021,95497.3400205,0.64,0.65
1763371022,95499.806207,0.64,0.65
1763371023,95501.9254095,0.65,0.66
1763371025,95525.2320825,0.68,0.69
1763371026,95524.6827415984,0.68,0.7
1763371027,95524.4437905185,0.68,0.7
1763371028,95525.20773244344,0.71,0.73
1763371029,95530.92995265957,0.71,0.73
1763371030,95541.5467305,0.74,0.75
1763371031,95538.88196373296,0.74,0.75
1763371032,95551.16414693782,0.72,0.73
1763371033,95551.16414693782,0.72,0.73
1763371034,95547.2252815,0.7,0.72
1763371035,95541.76227021564,0.73,0.75
1763371036,95543.0357326979,0.74,0.75
1763371037,95562.94557878874,0.76,0.78
1763371038,95566.8104720369,0.75,0.77
1763371039,95566.77816166375,0.75,0.77
1763371040,95568.0028265,0.75,0.77
1763371041,95568.374863,0.75,0.77
1763371042,95570.47183561318,0.77,0.79
1763371043,95574.0169214678,0.78,0.8
1763371044,95572.92601933787,0.78,0.8
1763371045,95576.04326740463,0.78,0.79
1763371046,95576.46269840462,0.77,0.79
1763371047,95578.84674709218,0.77,0.79
1763371048,95575.43264854197,0.77,0.79
1763371049,95575.43264854197,0.77,0.79
1763371050,95579.5313320589,0.78,0.79
1763371051,95579.7393235,0.79,0.81
1763371052,95588.2029325,0.76,0.78
1763371053,95578.50235285555,0.77,0.79
1763371054,95576.463305,0.77,0.79
1763371055,95580.9186915,0.77,0.8
1763371056,95580.9186915,0.77,0.8
1763371057,95574.26637766801,0.78,0.8
1763371058,95580.93088110737,0.79,0.8
1763371059,95596.44467998049,0.82,0.83
1763371060,95610.37995130614,0.82,0.83
1763371061,95611.67945678941,0.82,0.83
1763371062,95613.37453761684,0.82,0.83
1763371063,95613.3748419071,0.82,0.83
1763371064,95612.92131158832,0.81,0.83
1763371065,95611.65124800534,0.81,0.83
1763371066,95613.33642100047,0.83,0.85
1763371067,95620.30062569305,0.83,0.85
1763371068,95623.42681395405,0.83,0.85
1763371069,95625.860265,0.83,0.85
1763371070,95625.45380871554,0.83,0.85
1763371071,95625.98666978301,0.83,0.85
1763371072,95621.57054267311,0.83,0.84
1763371073,95612.12775451822,0.82,0.84
1763371074,95613.49971895434,0.82,0.84
1763371075,95612.86588675644,0.82,0.83
1763371076,95614.011606,0.82,0.83
1763371077,95615.98227524413,0.83,0.85
1763371078,95615.19946643595,0.83,0.85
1763371079,95618.5636045,0.83,0.85
1763371080,95618.64491339601,0.84,0.85
1763371081,95634.35818494193,0.86,0.89
1763371082,95664.61852652204,0.88,0.89
1763371083,95665.26612062639,0.86,0.87
1763371084,95660.6364165,0.85,0.87
1763371085,95660.6359165,0.85,0.86
1763371086,95650.0757555,0.84,0.85
1763371087,95650.0757555,0.85,0.86
1763371088,95645.25288537078,0.84,0.87
1763371089,95646.3116735,0.85,0.87
1763371090,95646.03043858806,0.87,0.89
1763371091,95646.91406358806,0.87,0.89
1763371092,95675.3648511745,0.87,0.89
1763371093,95676.45057817451,0.86,0.88
1763371094,95672.0068945,0.87,0.88
1763371095,95670.96592212186,0.87,0.88
1763371096,95670.17525,0.88,0.9
1763371097,95685.20968955598,0.88,0.91
1763371098,95690.10544794779,0.87,0.9
1763371099,95691.08098582881,0.89,0.91
1763371100,95687.042353,0.89,0.91
1763371101,95690.7889183726,0.88,0.91
1763371102,95696.700701,0.88,0.89
1763371103,95696.700701,0.88,0.89
1763371104,95672.5481817362,0.88,0.89
1763371105,95679.509721,0.88,0.9
1763371106,95680.2683572528,0.88,0.9
1763371107,95683.1052225,0.88,0.89
1763371108,95682.9271085,0.88,0.89
1763371109,95676.4441165,0.88,0.89
1763371110,95679.4608245,0.88,0.89
1763371111,95680.7166415,0.88,0.89
1763371112,95680.7166415,0.88,0.89
1763371113,95681.08600817098,0.88,0.89
1763371114,95680.19357120438,0.88,0.89
1763371115,95681.9188596945,0.88,0.89
1763371116,95673.409,0.88,0.89
1763371117,95673.55465131307,0.88,0.89
1763371118,95675.96686177822,0.88,0.89
1763371119,95676.48615077822,0.88,0.89
1763371120,95684.02988942311,0.88,0.89
1763371121,95684.32440752846,0.89,0.9
1763371122,95688.305289,0.89,0.9
1763371123,95697.9441175,0.89,0.9
1763371124,95696.0441175,0.89,0.9
1763371125,95695.34266097273,0.89,0.9
1763371126,95695.34266097273,0.91,0.92
1763371127,95713.06409176424,0.91,0.92
1763371128,95717.78646452849,0.91,0.92
1763371130,95724.348625,0.91,0.92
1763371131,95725.15958840675,0.91,0.92
1763371132,95725.16409440676,0.91,0.92
1763371133,95724.97195627235,0.91,0.92
1763371134,95726.22563259465,0.91,0.92
1763371135,95726.26896409465,0.91,0.92
1763371136,95727.719728,0.91,0.92
1763371137,95727.5166125,0.91,0.92
1763371138,95724.0573995,0.91,0.92
1763371139,95724.0573995,0.91,0.92
1763371140,95722.661543,0.91,0.92
1763371141,95722.500519,0.91,0.92
1763371142,95700.00680569364,0.89,0.91
1763371143,95700.00680569364,0.89,0.91
1763371144,95697.1429185,0.89,0.91
1763371145,95696.28,0.9,0.91
1763371153,95712.584943,0.91,0.92
1763371154,95712.93485918874,0.91,0.92
1763371155,95714.6591855,0.91,0.92
1763371156,95714.814421,0.89,0.91
1763371157,95685.92380544107,0.89,0.9
1763371158,95679.1180845,0.89,0.9
1763371159,95675.31642567067,0.89,0.9
1763371160,95672.38834189594,0.88,0.89
1763371161,95671.92987115863,0.88,0.89
1763371162,95660.05961026132,0.87,0.88
1763371163,95660.05961026132,0.87,0.88
1763371164,95662.496836,0.87,0.88
1763371165,95661.2990644115,0.87,0.88
1763371166,95662.5277045,0.87,0.88
1763371167,95662.5277045,0.87,0.88
1763371168,95655.084,0.85,0.86
1763371169,95654.1006085,0.87,0.88
1763371170,95659.82779275416,0.87,0.88
1763371171,95661.4873205,0.87,0.88
1763371172,95665.56015836984,0.87,0.88
1763371173,95665.7880981063,0.87,0.88
1763371174,95666.4973275,0.87,0.89
1763371175,95666.0170065,0.87,0.89
1763371176,95666.0170065,0.87,0.89
1763371177,95662.75479615277,0.87,0.89
1763371178,95662.80652765278,0.87,0.89
1763371179,95665.816612,0.87,0.89
1763371180,95665.816612,0.87,0.89
1763371181,95666.8967105,0.87,0.89
1763371182,95665.534557,0.85,0.87
1763371183,95651.745931,0.85,0.87
1763371184,95651.745931,0.85,0.87
1763371185,95651.45244565904,0.85,0.87
1763371186,95651.4924995,0.85,0.87
1763371187,95651.4074875,0.85,0.87
1763371188,95647.4545935,0.85,0.87
1763371189,95647.3191236522,0.85,0.87
1763371190,95648.0104445,0.86,0.87
1763371191,95648.0104445,0.86,0.87
1763371192,95660.81607997978,0.87,0.89
1763371193,95660.81607997978,0.87,0.89
1763371194,95664.52176137216,0.87,0.89
1763371195,95663.8948677918,0.87,0.88
1763371196,95664.04074414505,0.87,0.89
1763371197,95664.92273052901,0.89,0.9
1763371198,95664.92273052901,0.89,0.9
1763371199,95678.011667,0.89,0.9
1763371200,95681.002433,0.89,0.9
1763371201,95676.81519568864,0.89,0.9
1763371202,95680.5047291865,0.89,0.9
1763371203,95681.00366392834,0.89,0.9
1763371204,95680.93693567805,0.89,0.9
1763371205,95682.620693,0.89,0.9
1763371206,95684.9101715,0.89,0.9
1763371207,95683.9372775,0.89,0.9
1763371208,95683.8217575,0.89,0.9
1763371209,95683.072886,0.89,0.9
1763371210,95684.391123,0.89,0.9
1763371211,95684.40864554136,0.89,0.9
1763371212,95684.40686004137,0.89,0.9
1763371213,95685.3030945,0.89,0.9
1763371214,95686.798963,0.89,0.9
1763371215,95681.54564397522,0.89,0.9
1763371216,95683.7936555,0.89,0.9
1763371217,95677.156144,0.89,0.9
1763371218,95671.524704,0.89,0.9
1763371219,95671.622441,0.89,0.9
1763371220,95672.5380525,0.89,0.9
1763371221,95672.5164495,0.89,0.9
1763371222,95676.32182357932,0.89,0.9
1763371223,95676.9393125,0.89,0.9
1763371224,95677.4752585,0.89,0.9
1763371225,95671.65870757187,0.89,0.9
1763371226,95672.029896,0.89,0.9
1763371227,95672.75836210993,0.89,0.9
1763371228,95671.0514947978,0.89,0.9
1763371229,95669.840426,0.89,0.9
1763371230,95669.840426,0.89,0.9
1763371231,95669.257099,0.89,0.9
1763371232,95659.96928846538,0.87,0.88
1763371233,95655.8761975,0.87,0.88
1763371234,95654.304451,0.87,0.88
1763371235,95654.304451,0.87,0.88
1763371236,95652.03717063161,0.87,0.88
1763371237,95651.6673655,0.87,0.88
1763371238,95651.6673655,0.86,0.88
1763371239,95649.7403165,0.86,0.88
1763371240,95649.7363925,0.86,0.88
1763371241,95646.0000405,0.86,0.88
1763371242,95646.0000405,0.86,0.88
1763371243,95646.3986835,0.86,0.88
1763371244,95646.539506,0.86,0.88
1763371245,95648.0793805,0.86,0.88
1763371246,95641.8688970765,0.86,0.88
1763371247,95641.8688970765,0.87,0.88
1763371248,95650.32644563136,0.89,0.9
1763371249,95651.12573735775,0.89,0.9
1763371250,95666.60173968118,0.89,0.9
1763371251,95666.60173968118,0.89,0.9
1763371252,95673.1099955,0.89,0.9
1763371253,95672.68976247667,0.89,0.9
1763371254,95672.62844497667,0.89,0.9
1763371255,95672.55626105558,0.89,0.9
1763371256,95671.88349528114,0.89,0.9
1763371257,95671.72303173578,0.89,0.9
1763371258,95678.55752945514,0.89,0.9
1763371259,95678.752133,0.89,0.9
1763371260,95678.752133,0.89,0.9
1763371261,95678.7907235,0.89,0.9
1763371262,95677.6336675,0.89,0.9
1763371263,95674.1120435,0.89,0.9
1763371264,95674.1120435,0.9,0.91
1763371265,95675.96921487934,0.9,0.92
1763371266,95676.0010575,0.9,0.92
1763371267,95675.8716135,0.9,0.92
1763371268,95675.8716135,0.9,0.92
1763371269,95675.8977805,0.91,0.92
1763371270,95670.6738168456,0.89,0.92
1763371271,95675.49047917062,0.89,0.91
1763371272,95675.72350845698,0.9,0.92
1763371273,95675.724008457,0.9,0.92
1763371274,95678.81699110074,0.9,0.92
1763371275,95678.74033589842,0.9,0.92
1763371276,95678.92917165629,0.9,0.92
1763371277,95678.92445615628,0.9,0.92
1763371278,95673.58369723172,0.9,0.92
1763371279,95673.58369723172,0.9,0.91
1763371280,95675.1633995,0.9,0.92
1763371281,95675.1633995,0.9,0.92
1763371282,95673.9709506846,0.9,0.92
1763371283,95674.15031514296,0.9,0.92
1763371284,95674.15031514296,0.9,0.92
1763371285,95673.59026077067,0.9,0.92
1763371286,95673.59026077067,0.9,0.92
1763371287,95673.75139259444,0.9,0.92
1763371288,95675.920653,0.9,0.92
1763371289,95675.92840173702,0.9,0.92
1763371290,95678.58152082391,0.9,0.92
1763371291,95678.58209832391,0.9,0.92
1763371292,95676.93905534802,0.9,0.92
1763371293,95676.95590184802,0.91,0.92
1763371294,95676.96721918555,0.91,0.93
1763371295,95679.24516342457,0.91,0.93
1763371296,95679.35137477533,0.91,0.93
1763371297,95679.50123629312,0.91,0.93
1763371298,95679.40023810169,0.91,0.93
1763371299,95679.6703345,0.91,0.93
1763371300,95679.846752,0.91,0.93
1763371301,95679.8544855,0.91,0.93
1763371302,95681.185892,0.91,0.93
1763371303,95681.05508722806,0.91,0.93
1763371304,95681.05550822806,0.92,0.93
1763371305,95681.37646048982,0.93,0.94
1763371306,95681.46188716397,0.92,0.94
1763371307,95685.217171,0.93,0.94
1763371308,95685.217171,0.93,0.95
1763371309,95696.57101314641,0.94,0.95
1763371310,95697.32975017131,0.94,0.95
1763371311,95698.95435,0.94,0.95
1763371312,95698.95435,0.94,0.95
1763371313,95699.7346065,0.94,0.95
1763371314,95700.45233023552,0.94,0.95
1763371315,95700.45517073553,0.94,0.95
1763371316,95705.4888640166,0.94,0.95
1763371317,95706.787414,0.94,0.95
1763371318,95713.747668,0.94,0.95
1763371319,95713.9005245,0.94,0.95
1763371320,95715.6130155,0.94,0.95
1763371321,95714.98242421882,0.94,0.95
1763371322,95714.52050749489,0.94,0.95
1763371323,95714.57329625577,0.94,0.95
1763371324,95717.21645645314,0.94,0.95
1763371325,95726.9720575,0.94,0.95
1763371326,95737.361489,0.94,0.95
1763371327,95736.88915514329,0.94,0.95
1763371328,95734.593775,0.94,0.95
1763371329,95734.536317,0.94,0.95
1763371330,95734.5219775,0.94,0.95
1763371331,95734.0734275,0.94,0.95
1763371332,95734.93230309497,0.94,0.95
1763371333,95736.4350365,0.94,0.95
1763371334,95737.441043,0.94,0.95
1763371335,95737.2366079974,0.94,0.95
1763371336,95737.184949,0.94,0.95
1763371337,95737.1936435,0.94,0.95
1763371338,95737.2308685,0.94,0.95
1763371339,95737.70917,0.94,0.95
1763371340,95737.827432,0.94,0.95
1763371341,95737.8393835,0.95,0.96
1763371342,95737.8696505,0.95,0.96
1763371343,95742.5903155,0.95,0.96
1763371344,95742.5918155,0.95,0.96
1763371345,95742.5292325,0.95,0.97
1763371346,95750.670772,0.96,0.97
1763371347,95750.7005355,0.96,0.97
1763371348,95758.802577,0.96,0.97
1763371349,95758.802577,0.96,0.97
1763371350,95756.632363,0.96,0.97
1763371351,95758.3156655,0.96,0.97
1763371352,95756.26534518311,0.96,0.97
1763371353,95756.34523926758,0.96,0.97
1763371354,95758.7519815,0.96,0.97
1763371355,95758.7802725,0.96,0.97
1763371356,95757.172172,0.96,0.97
1763371357,95747.46889205968,0.96,0.97
1763371358,95740.8054985,0.96,0.97
1763371359,95728.32703448797,0.95,0.96
1763371360,95725.156377685,0.95,0.96
1763371361,95721.44005308111,0.95,0.96
1763371362,95718.49686682018,0.95,0.96
1763371363,95718.33920631326,0.95,0.96
1763371364,95718.09096299543,0.95,0.96
1763371365,95718.15540324136,0.95,0.96
1763371366,95717.99001304194,0.95,0.96
1763371367,95718.1356834796,0.95,0.96
1763371368,95719.6048515,0.96,0.97
1763371369,95718.28109553375,0.96,0.97
1763371370,95719.64857930555,0.96,0.97
1763371371,95717.81461128974,0.96,0.97
1763371372,95717.81461128974,0.96,0.97
1763371373,95718.0625635742,0.96,0.97
1763371374,95722.16395571454,0.96,0.97
1763371375,95726.311241,0.96,0.97
1763371376,95726.311241,0.96,0.97
1763371377,95728.0211832933,0.96,0.97
1763371378,95727.4604185,0.96,0.97
1763371379,95729.428869,0.96,0.97
1763371380,95728.3147938855,0.96,0.97
1763371381,95728.98473313215,0.96,0.97
1763371382,95729.427726,0.96,0.97
1763371383,95727.1523675,0.96,0.97
1763371384,95726.0690815,0.96,0.97
1763371385,95727.667462198,0.96,0.97
1763371386,95726.023223,0.96,0.97
1763371387,95725.9919755,0.96,0.97
1763371388,95725.7079775,0.96,0.97
1763371389,95724.5966501434,0.96,0.97
1763371390,95724.5901501434,0.96,0.97
1763371391,95715.70076,0.96,0.97
1763371392,95715.16240674607,0.96,0.97
1763371393,95715.16240674607,0.96,0.97
1763371394,95712.03253919768,0.96,0.97
1763371395,95712.62191932561,0.96,0.97
1763371396,95712.62191932561,0.96,0.97
1763371397,95712.86484454246,0.96,0.97
1763371398,95712.86484454246,0.96,0.97
1763371399,95713.19383150601,0.96,0.97
1763371400,95715.09125548707,0.97,0.98
1763371401,95715.683321,0.97,0.98
1763371402,95712.964236,0.97,0.98
1763371403,95714.564233,0.97,0.98
1763371404,95715.3085855,0.97,0.98
1763371405,95715.30927267006,0.97,0.98
1763371406,95715.30927267006,0.97,0.98
1763371408,95707.42131923573,0.96,0.97
1763371409,95706.76976416456,0.96,0.97
1763371410,95706.76976416456,0.96,0.97
1763371411,95707.281667,0.96,0.97
1763371412,95707.3336885,0.96,0.97
1763371413,95707.3309615,0.96,0.97
1763371414,95706.2607455,0.96,0.97
1763371415,95706.261481,0.96,0.97
1763371416,95702.91948377478,0.96,0.97
1763371417,95702.91141095063,0.96,0.97
1763371418,95701.6798337673,0.96,0.97
1763371419,95701.6798337673,0.96,0.97
1763371420,95682.7347415,0.96,0.97
1763371421,95682.6917415,0.95,0.96
1763371422,95682.105477,0.95,0.96
1763371423,95682.105477,0.95,0.96
1763371424,95688.554085,0.95,0.96
1763371425,95688.645676,0.95,0.96
1763371426,95686.72,0.96,0.97
1763371427,95690.17338290036,0.96,0.97
1763371428,95690.06366440035,0.96,0.97
1763371429,95689.449359,0.96,0.97
1763371430,95689.3823205,0.96,0.97
1763371431,95688.685399,0.96,0.97
1763371432,95686.15610346192,0.96,0.97
1763371433,95686.053353,0.96,0.97
1763371434,95682.84978240795,0.96,0.97
1763371435,95682.84978240795,0.96,0.97
1763371436,95689.28243366966,0.96,0.97
1763371437,95689.28663266967,0.96,0.97
1763371438,95689.1684794283,0.96,0.97
1763371439,95690.99238784217,0.96,0.97
1763371442,95706.36974385334,0.96,0.97
1763371443,95710.6028781489,0.97,0.98
1763371444,95713.585653,0.97,0.98
1763371445,95714.880497,0.97,0.98
1763371446,95714.848997,0.97,0.98
1763371447,95715.004382,0.97,0.98
1763371448,95713.29584663203,0.97,0.98
1763371449,95709.15052412465,0.97,0.98
1763371450,95708.9403155,0.97,0.98
1763371451,95708.9403155,0.97,0.98
1763371452,95705.973049,0.97,0.98
1763371453,95704.3047575,0.97,0.98
1763371454,95709.5407575,0.97,0.98
1763371455,95711.1964075,0.97,0.98
1763371456,95712.6504585,0.97,0.98
1763371457,95712.884726,0.97,0.98
1763371458,95712.9318415,0.97,0.98
1763371459,95712.3960985,0.97,0.98
1763371460,95711.201444,0.97,0.98
1763371461,95712.564138,0.97,0.98
1763371462,95712.564138,0.97,0.98
1763371463,95708.2775065,0.97,0.98
1763371464,95706.7781855,0.97,0.98
1763371465,95706.7781855,0.98,0.99
1763371466,95707.9296935,0.98,0.99
1763371467,95707.9296935,0.98,0.99
1763371468,95707.676253,0.98,0.99
1763371469,95707.670753,0.98,0.99
1763371470,95705.263556,0.98,0.99
1763371471,95705.26914,0.98,0.99
1763371472,95705.0505065,0.98,0.99
1763371473,95706.388305,0.98,0.99
1763371474,95706.34537242643,0.98,0.99
1763371475,95705.9227098718,0.98,0.99
1763371476,95707.282369,0.98,0.99
1763371477,95706.4364615,0.98,0.99
1763371478,95705.21961629787,0.98,0.99
1763371479,95705.684698,0.98,0.99
1763371480,95705.729699,0.98,0.99
1763371481,95705.8235365,0.98,0.99
1763371482,95706.0821725,0.98,0.99
1763371483,95705.77678259645,0.98,0.99
1763371484,95705.263215,0.98,0.99
1763371485,95701.86870791516,0.98,0.99
1763371486,95702.706199,0.98,0.99
1763371487,95703.17059891723,0.98,0.99
1763371488,95704.487,0.98,0.99
1763371489,95704.41884438245,0.98,0.99
1763371490,95704.29156935096,0.98,0.99
1763371491,95708.2027495,0.98,0.99
1763371492,95706.5904606287,0.98,0.99
1763371493,95708.89764627322,0.98,0.99
1763371494,95709.27354,0.98,0.99
1763371495,95710.30063998025,0.98,0.99
1763371496,95710.97172514319,0.98,0.99
1763371497,95710.6904525,0.98,0.99
1763371498,95710.6714035,0.98,0.99
1763371499,95710.6412365,0.98,0.99
1763371500,95707.436075,0.98,0.99
1763371501,95707.3710805,0.98,0.99
1763371502,95707.3760805,0.98,0.99
1763371503,95707.39359,0.98,0.99
1763371504,95707.39359,0.98,0.99
1763371505,95706.988109,0.98,0.99
1763371506,95706.981109,0.98,0.99
1763371507,95706.2999045,0.98,0.99
1763371508,95705.645569,0.98,0.99
1763371509,95706.217325,0.98,0.99
1763371510,95706.217325,0.98,0.99
1763371511,95705.79040996311,0.98,0.99
1763371512,95705.79040996311,0.98,0.99
1763371513,95711.10220298552,0.98,0.99
1763371514,95714.8506485,0.98,0.99
1763371515,95714.655292,0.98,0.99
1763371516,95714.791134,0.98,0.99
1763371517,95713.04640513058,0.98,0.99
1763371518,95715.0798155,0.98,0.99
1763371519,95714.01814182961,0.98,0.99
1763371520,95715.8235715,0.98,0.99
1763371521,95714.61550706686,0.98,0.99
1763371522,95714.40228764461,0.98,0.99
1763371523,95715.818382,0.98,0.99
1763371524,95714.99725018766,0.98,0.99
1763371525,95715.19830294323,0.98,0.99
1763371526,95720.1964525,0.98,0.99
1763371527,95719.3288910843,0.98,0.99
1763371528,95722.74505537479,0.98,0.99
1763371529,95722.74505537479,0.98,0.99
1763371530,95722.35031838293,0.98,0.99
1763371531,95723.3728902107,0.98,0.99
1763371532,95724.235764,0.98,0.99
1763371533,95724.85960051854,0.98,0.99
1763371534,95724.99542694647,0.98,0.99
1763371535,95725.407199,0.98,0.99
1763371536,95726.67122341598,0.98,0.99
1763371537,95725.87628772865,0.99,1.0
1763371538,95725.85663004396,0.98,1.0
1763371539,95724.88930262599,0.99,1.0
1763371540,95724.951813126,0.99,1.0
1763371541,95724.0329459273,0.99,1.0
1763371542,95724.27545905138,0.99,1.0
1763371543,95725.4623235,0.99,1.0
1763371544,95723.87077973729,0.99,1.0
1763371545,95726.439848,0.99,1.0
1763371546,95726.6893295,0.99,1.0
1763371547,95724.879904,0.99,1.0
1763371548,95722.74567622933,0.99,1.0
1763371549,95723.03327486655,0.99,1.0
1763371551,95724.6746475,0.99,1.0
1763371552,95724.628734,0.99,1.0
1763371553,95723.59304901776,0.99,1.0
1763371554,95724.3871617248,0.99,1.0
1763371555,95724.3871617248,0.99,1.0
1763371556,95724.4328275,0.99,1.0
1763371557,95724.709118,0.99,1.0
1763371558,95725.1067325,0.99,1.0
1763371559,95728.186698,0.99,1.0
1763371560,95727.94708806224,0.99,1.0
1763371561,95728.3494128322,0.99,1.0
1763371562,95728.3494128322,0.99,1.0
1763371563,95730.358582,0.99,1.0
1763371564,95730.358582,0.99,
1763371565,95730.3406985,0.99,1.0
1763371566,95730.3236705,0.99,1.0
1763371567,95729.6874155,0.99,1.0
1763371568,95729.6874155,0.99,1.0
1763371569,95729.921942,0.99,1.0
1763371570,95729.885045,0.99,1.0
1763371571,95730.6790645,0.99,1.0
1763371572,95730.6790645,0.99,1.0
1763371573,95729.95813226888,0.99,1.0
1763371574,95730.33389906638,0.99,1.0
1763371575,95729.343183,0.99,1.0
1763371576,95729.343183,0.99,1.0
1763371577,95725.5117795,0.99,1.0
1763371578,95724.585007,0.99,1.0
1763371579,95724.5463465,0.99,1.0
1763371580,95714.36453232038,0.99,1.0
1763371581,95714.36453232038,0.99,1.0
1763371582,95707.924086,0.99,1.0
1763371583,95706.87200096874,0.99,1.0
1763371584,95706.86756146874,0.99,1.0
1763371585,95707.2108695,0.99,1.0
1763371586,95707.2137495,0.99,1.0
1763371587,95707.4609045,0.99,1.0
1763371588,95707.4731505,0.99,1.0
1763371589,95704.71731695572,0.99,1.0
1763371590,95704.71731695572,0.99,1.0
1763371591,95707.063272,0.99,1.0
1763371592,95707.064773,0.99,1.0
1763371593,95706.674784,0.99,1.0
1763371594,95706.674784,0.99,1.0
1763371595,95706.9178445,0.99,1.0
1763371596,95706.9178445,0.99,1.0
1763371597,95705.734383,0.99,1.0
1763371598,95705.734383,0.99,1.0
1763371599,95705.650652,0.99,1.0
1763371600,95705.651659,0.99,1.0
1763371601,95705.664761,0.99,1.0
1763371602,95705.1339015,0.99,1.0
1763371603,95689.61993950227,0.99,1.0
1763371604,95689.61993950227,0.99,1.0
1763371605,95682.4678945,0.99,1.0
1763371606,95682.3458175,0.99,1.0
1763371607,95681.9591325,0.99,1.0
1763371608,95679.57437233128,0.99,1.0
1763371609,95679.57437233128,0.99,1.0
1763371610,95679.49523924729,0.99,1.0
1763371611,95679.50491044203,0.99,1.0
1763371612,95683.48172662166,0.99,1.0
1763371613,95689.63024437035,0.99,1.0
1763371614,95689.70969187035,0.99,1.0
1763371615,95694.01193953906,0.99,1.0
1763371616,95689.230041,0.99,1.0
1763371617,95686.39228555508,0.99,1.0
1763371618,95686.39343105507,0.99,1.0
1763371619,95685.78019260547,0.99,1.0
1763371620,95676.92654535624,0.99,1.0
1763371621,95673.8074185,0.99,1.0
1763371622,95673.29706768168,0.99,1.0
1763371623,95673.32634238612,0.99,1.0
1763371624,95675.24780059495,0.99,1.0
1763371625,95683.35429644099,0.99,1.0
1763371626,95683.35429644099,0.99,1.0
1763371627,95683.9036865,0.99,1.0
1763371628,95683.9096455,0.99,1.0
1763371629,95684.70201097541,0.99,1.0
1763371630,95685.403177286,0.99,1.0
1763371631,95684.97322836913,0.99,1.0
1763371632,95667.92750294204,0.99,1.0
1763371633,95670.390837,0.99,1.0
1763371634,95657.1844895,0.99,1.0
1763371635,95656.270768,0.99,1.0
1763371636,95656.3106595,0.99,
1763371637,95656.3847075,0.99,1.0
1763371638,95656.308007,0.99,
1763371639,95655.89630232833,0.99,1.0
1763371640,95656.19616817532,0.99,1.0
1763371641,95656.19616817532,0.99,1.0
1763371642,95656.9245635,0.99,1.0
1763371643,95655.68354946228,0.99,1.0
1763371644,95655.68354946228,0.99,1.0
