timestamp,price,bid,ask
1763424000,92103.82463382653,0.47,0.49
1763424001,92104.07000883113,0.47,0.49
1763424002,92115.13469687894,0.47,0.51
1763424003,92109.64896385894,0.47,0.5
1763424004,92104.89132640306,0.46,0.48
1763424005,92089.41518729979,0.46,0.47
1763424006,92089.53081422075,0.46,0.47
1763424007,92084.2577425,0.45,0.46
1763424008,92086.87651897536,0.45,0.46
1763424009,92083.14856429925,0.43,0.46
1763424010,92081.84494116508,0.43,0.46
1763424011,92081.84494116508,0.43,0.46
1763424012,92080.7912947936,0.43,0.45
1763424013,92080.7912947936,0.43,0.45
1763424014,92076.2011936833,0.43,0.45
1763424015,92075.54380582953,0.43,0.44
1763424016,92065.67743036957,0.41,0.42
1763424017,92059.85476420002,0.41,0.42
1763424018,92059.85492320002,0.41,0.42
1763424019,92064.56377589462,0.41,0.42
1763424020,92064.56377589462,0.41,0.42
1763424021,92064.92698500723,0.41,0.42
1763424022,92064.10318437031,0.41,0.42
1763424023,92064.10318437031,0.41,0.42
1763424024,92063.9923851649,0.4,0.41
1763424025,92063.2949807985,0.4,0.41
1763424026,92062.23154106294,0.4,0.42
1763424027,92062.06518507328,0.42,0.43
1763424028,92062.06518507328,0.42,0.43
1763424029,92063.99175690637,0.42,0.43
1763424030,92055.27880807548,0.4,0.41
1763424031,92055.27880807548,0.39,0.4
1763424032,92051.79817040962,0.38,0.39
1763424033,92046.19837176616,0.38,0.4
1763424034,92046.59758039078,0.39,0.4
1763424035,92045.08853180605,0.36,0.39
1763424036,92044.99044888737,0.36,0.38
1763424037,92044.17433713305,0.36,0.38
1763424038,92043.74606948734,0.37,0.39
1763424039,92043.74606948734,0.36,0.38
1763424040,92042.9178755004,0.37,0.38
1763424041,92042.9178755004,0.39,0.4
1763424042,92051.96262383982,0.38,0.4
1763424043,92051.94995986386,0.39,0.4
1763424044,92054.55653228579,0.4,0.42
1763424045,92059.30387764383,0.4,0.42
1763424046,92059.49172079029,0.41,0.43
1763424047,92059.49768446869,0.4,0.41
1763424048,92059.49768446869,0.38,0.4
1763424049,92057.677760579,0.38,0.41
1763424050,92053.39972740621,0.39,0.41
1763424051,92053.39972740621,0.39,0.41
1763424052,92052.84651580137,0.39,0.41
1763424053,92052.09821405882,0.39,0.41
1763424054,92052.5738305702,0.39,0.41
1763424055,92053.86245051528,0.39,0.41
1763424056,92053.86245051528,0.39,0.41
1763424057,92053.09903080981,0.4,0.42
1763424058,92057.28741084765,0.42,0.44
1763424059,92057.33674592334,0.42,0.44
1763424060,92067.46247770885,0.38,0.41
1763424061,92067.46247770885,0.38,0.41
1763424062,92056.77941657302,0.38,0.41
1763424063,92056.77972985902,0.37,0.39
1763424064,92052.52147480406,0.38,0.39
1763424065,92051.7967615,0.38,0.39
1763424066,92048.91006384187,0.37,0.39
1763424067,92048.2458834228,0.35,0.36
1763424068,92039.4175170117,0.33,0.34
1763424069,92031.69851951169,0.32,0.33
1763424070,92017.27493102927,0.31,0.32
1763424071,92017.16492352927,0.31,0.32
1763424072,92013.54380522568,0.34,0.36
1763424073,92014.64935022568,0.34,0.36
1763424074,92025.32697311533,0.33,0.35
1763424075,92025.32697311533,0.33,0.35
1763424076,92024.16724332953,0.31,0.33
1763424077,92023.3573399537,0.31,0.33
1763424078,92016.41703545437,0.33,0.35
1763424079,92021.45476093033,0.32,0.34
1763424080,92021.45476093033,0.32,0.34
1763424081,92014.69719234049,0.31,0.33
1763424082,92014.69719234049,0.31,0.33
1763424083,92011.77305065331,0.32,0.34
1763424084,92014.5837859629,0.34,0.35
1763424085,92017.68680469361,0.34,0.35
1763424086,92021.30245721755,0.31,0.32
1763424087,92021.30245721755,0.31,0.32
1763424088,92016.16279248345,0.31,0.32
1763424089,92014.8281319668,0.31,0.34
1763424090,92014.9600514668,0.31,0.33
1763424091,92016.1508219643,0.29,0.33
1763424092,92014.930736746,0.29,0.31
1763424093,92007.33849615291,0.31,0.33
1763424094,92009.65660003568,0.32,0.34
1763424095,92013.03237862096,0.33,0.35
1763424096,92015.01277772259,0.34,0.36
1763424097,92020.63084709339,0.34,0.36
1763424098,92027.3274436899,0.34,0.36
1763424099,92027.3274436899,0.34,0.36
1763424100,92027.56640929994,0.34,0.36
1763424101,92027.57773467638,0.33,0.36
1763424102,92027.58215511432,0.34,0.36
1763424103,92027.25876501523,0.35,0.36
1763424104,92031.45863868078,0.37,0.39
1763424105,92032.38894251462,0.37,0.39
1763424106,92036.776661,0.37,0.38
1763424107,92036.813725,0.37,0.38
1763424108,92037.187699,0.37,0.38
1763424109,92037.46583057087,0.37,0.38
1763424110,92038.0846647162,0.37,0.38
1763424111,92034.7705782153,0.34,0.36
1763424112,92031.72295463014,0.34,0.36
1763424113,92032.24717410469,0.35,0.36
1763424114,92032.27352810469,0.36,0.37
1763424115,92036.27159852504,0.36,0.37
1763424116,92034.7021842463,0.35,0.38
1763424117,92036.8010795,0.36,0.37
1763424118,92039.1393048117,0.36,0.38
1763424119,92039.03464152743,0.37,0.38
1763424121,92042.91989626289,0.37,0.38
1763424122,92044.56588904551,0.37,0.38
1763424123,92044.56588904551,0.37,0.38
1763424124,92046.18152832218,0.39,0.4
1763424125,92054.75663308919,0.39,0.4
1763424126,92054.75663308919,0.39,0.4
1763424127,92054.2665980072,0.39,0.4
1763424128,92054.01325319846,0.39,0.4
1763424129,92054.01512321636,0.41,0.42
1763424130,92054.05175697985,0.41,0.42
1763424131,92065.23795781995,0.43,0.44
1763424132,92065.53745048803,0.43,0.44
1763424133,92076.51650777906,0.44,0.45
1763424134,92076.51650777906,0.43,0.45
1763424135,92077.34720210911,0.48,0.5
1763424136,92083.41740057057,0.49,0.5
1763424137,92099.38572727042,0.49,0.5
1763424138,92101.72754034384,0.48,0.5
1763424139,92098.33054356337,0.49,0.5
1763424140,92098.26730495386,0.5,0.51
1763424141,92098.26730495386,0.5,0.51
1763424142,92103.34325954482,0.55,0.56
1763424143,92103.34325954482,0.55,0.56
1763424144,92119.96572,0.54,0.56
1763424145,92121.26058027556,0.53,0.54
1763424146,92116.01036074941,0.49,0.5
1763424147,92115.73442532531,0.46,0.5
1763424148,92090.53480043578,0.45,0.48
1763424149,92090.52602193579,0.47,0.48
1763424150,92086.07821646234,0.46,0.47
1763424151,92086.05430596233,0.47,0.48
1763424152,92084.55912095605,0.46,0.48
1763424153,92088.40731007815,0.44,0.47
1763424154,92088.00555157816,0.46,0.47
1763424155,92084.60187808142,0.46,0.47
1763424156,92084.60187808142,0.46,0.47
1763424157,92084.89839583718,0.46,0.48
1763424158,92085.87726677443,0.47,0.48
1763424159,92087.44650301972,0.45,0.47
1763424160,92087.44650301972,0.44,0.46
1763424161,92080.63152703005,0.46,0.47
1763424162,92078.27824831424,0.47,0.48
1763424163,92092.54099238648,0.49,0.5
1763424164,92092.71933070626,0.51,0.52
1763424165,92102.8946938237,0.52,0.54
1763424166,92112.52532799462,0.52,0.54
1763424167,92112.52532799462,0.53,0.54
1763424168,92114.5228042701,0.56,0.58
1763424169,92125.69334022827,0.56,0.58
1763424170,92135.02918206004,0.55,0.58
1763424171,92134.52854865804,0.56,0.58
1763424172,92137.2480212487,0.54,0.57
1763424173,92136.21941131062,0.54,0.55
1763424174,92129.79395473406,0.53,0.55
1763424175,92122.63328882064,0.53,0.55
1763424176,92118.61312105971,0.51,0.52
1763424177,92107.97285154286,0.51,0.52
1763424178,92111.33440426685,0.48,0.5
1763424179,92107.56085962658,0.47,0.5
1763424180,92102.46173113868,0.48,0.5
1763424181,92094.5741185304,0.49,0.5
1763424182,92095.75855126836,0.49,0.5
1763424183,92095.00162290383,0.48,0.5
1763424184,92096.67492218773,0.47,0.5
1763424185,92096.56384699387,0.49,0.52
1763424186,92102.49606538599,0.52,0.54
1763424187,92110.00206870257,0.54,0.56
1763424188,92117.64384951892,0.54,0.57
1763424189,92122.76452422082,0.55,0.57
1763424190,92124.3703679593,0.54,0.56
1763424192,92125.80730734927,0.56,0.57
1763424193,92128.92187512376,0.56,0.57
1763424194,92130.67388300847,0.56,0.57
1763424195,92131.0141541005,0.54,0.57
1763424196,92131.0141541005,0.54,0.57
1763424197,92127.12409299155,0.55,0.58
1763424198,92125.5374927435,0.55,0.58
1763424199,92124.0251451877,0.55,0.58
1763424200,92124.0251451877,0.55,0.57
1763424201,92123.39373207536,0.56,0.59
1763424202,92128.45396513346,0.56,0.59
1763424203,92128.7081000832,0.57,0.59
1763424204,92128.7081000832,0.57,0.59
1763424205,92130.02201203803,0.58,0.59
1763424206,92132.84,0.58,0.6
1763424207,92139.0677965,0.6,0.61
1763424208,92139.0752965,0.59,0.61
1763424209,92141.5953634787,0.58,0.61
1763424210,92141.5443983099,0.58,0.61
1763424211,92143.49762982411,0.6,0.62
1763424212,92142.97833999852,0.59,0.61
1763424213,92143.01111876837,0.59,0.62
1763424214,92143.99660333406,0.61,0.62
1763424215,92149.54276087147,0.61,0.62
1763424216,92149.784578,0.61,0.62
1763424217,92149.784578,0.62,0.64
1763424218,92157.83307772,0.61,0.64
1763424219,92153.04446320793,0.61,0.64
1763424220,92152.21466425221,0.61,0.63
1763424221,92152.51087598772,0.61,0.63
1763424222,92152.51087598772,0.61,0.63
1763424223,92153.3366653747,0.61,0.63
1763424224,92152.49237598771,0.62,0.63
1763424225,92151.98112767532,0.58,0.6
1763424226,92150.18704192157,0.58,0.59
1763424227,92136.38917004307,0.57,0.59
1763424228,92135.58448061462,0.56,0.59
1763424229,92133.78316113057,0.59,0.6
1763424230,92159.1381992391,0.6,0.61
1763424231,92159.1381992391,0.6,0.62
1763424232,92157.46320049514,0.6,0.61
1763424233,92153.52821692429,0.59,0.61
1763424234,92152.32057904055,0.6,0.61
1763424235,92146.9209201715,0.64,0.65
1763424236,92146.9209201715,0.64,0.65
1763424237,92164.24844092145,0.64,0.65
1763424238,92164.24844092145,0.63,0.64
1763424239,92165.2981755767,0.62,0.63
1763424240,92156.2896281032,0.62,0.63
1763424241,92156.2896281032,0.62,0.63
1763424242,92154.72251116417,0.61,0.63
1763424243,92154.57054404901,0.61,0.63
1763424245,92155.0233077592,0.61,0.63
1763424246,92153.44963138393,0.58,0.6
1763424247,92144.46479147795,0.58,0.6
1763424248,92144.98233718933,0.56,0.58
1763424249,92140.1139139495,0.56,0.58
1763424250,92131.971985178,0.56,0.58
1763424251,92131.36675890569,0.57,0.58
1763424252,92131.56232196307,0.57,0.58
1763424253,92132.87366195176,0.57,0.58
1763424254,92137.06059071248,0.57,0.58
1763424256,92133.52905649558,0.59,0.62
1763424257,92144.18476012637,0.6,0.63
1763424258,92148.00407073762,0.6,0.63
1763424259,92152.13846924026,0.59,0.6
1763424260,92151.32716657144,0.59,0.6
1763424261,92145.80840140862,0.61,0.62
1763424262,92144.26498918633,0.6,0.62
1763424263,92149.83599736256,0.63,0.64
1763424264,92151.41925116166,0.65,0.66
1763424265,92166.82176725673,0.64,0.65
1763424266,92166.44015526507,0.64,0.66
1763424268,92168.91422938304,0.64,0.66
1763424269,92168.76368249308,0.64,0.66
1763424270,92169.01791846674,0.64,0.66
1763424272,92169.50200540622,0.64,0.66
1763424273,92167.83056927274,0.65,0.66
1763424274,92166.21298010151,0.64,0.66
1763424275,92166.21298010151,0.64,0.66
1763424276,92163.6355446954,0.64,0.65
1763424277,92163.08826233873,0.64,0.65
1763424278,92163.73618341146,0.64,0.65
1763424279,92164.43047723545,0.64,0.66
1763424280,92166.42024408375,0.64,0.66
1763424281,92164.11567743483,0.64,0.66
1763424282,92164.11567743483,0.64,0.66
1763424283,92163.50961373684,0.63,0.66
1763424284,92163.50961373684,0.63,0.66
1763424285,92160.06702978692,0.63,0.64
1763424286,92160.06552978692,0.63,0.65
1763424287,92157.8410230604,0.63,0.65
1763424288,92157.026272896,0.62,0.65
1763424289,92155.86606771275,0.64,0.65
1763424290,92155.49695535527,0.64,0.65
1763424291,92157.6509962424,0.64,0.65
1763424292,92157.6523711261,0.64,0.65
1763424293,92161.00223753238,0.62,0.65
1763424294,92161.00223753238,0.61,0.65
1763424295,92152.79210533178,0.6,0.62
1763424296,92148.39775956034,0.51,0.54
1763424297,92148.39775956034,0.5,0.52
1763424298,92104.32401588246,0.48,0.49
1763424299,92103.11669453472,0.48,0.49
1763424300,92101.8418172569,0.48,0.5
1763424301,92101.8418172569,0.5,0.51
1763424302,92099.57133608407,0.52,0.54
1763424303,92112.36509040631,0.57,0.58
1763424304,92121.67279655079,0.56,0.57
1763424305,92130.04776782978,0.57,0.58
1763424306,92130.04776782978,0.58,0.6
1763424307,92141.50683992509,0.6,0.61
1763424308,92142.31888903708,0.6,0.61
1763424309,92146.1243638909,0.6,0.61
1763424310,92148.34108835038,0.6,0.62
1763424311,92148.91215014104,0.6,0.62
1763424312,92148.91215014104,0.61,0.62
1763424313,92150.14479021933,0.61,0.62
1763424314,92152.0306232518,0.6,0.62
1763424315,92153.16221547588,0.6,0.62
1763424316,92153.16221547588,0.6,0.62
1763424317,92152.22409381892,0.6,0.61
1763424318,92150.92551826261,0.6,0.62
1763424319,92150.92551826261,0.6,0.62
1763424320,92149.2647825524,0.59,0.62
1763424321,92150.21117220724,0.62,0.63
1763424322,92154.36468205389,0.62,0.63
1763424323,92155.04781466574,0.63,0.65
1763424324,92166.64244518848,0.65,0.66
1763424325,92170.87652152171,0.68,0.69
1763424326,92170.87652152171,0.67,0.69
1763424327,92186.89693065308,0.73,0.74
1763424328,92186.89693065308,0.74,0.75
1763424329,92226.49590690884,0.74,0.75
1763424330,92233.29781381767,0.75,0.76
1763424331,92236.963081927,0.75,0.76
1763424332,92240.36901113021,0.75,0.76
1763424333,92241.50337086689,0.71,0.72
1763424334,92241.48737086689,0.69,0.7
1763424335,92205.51844879036,0.66,0.68
1763424336,92184.98374602302,0.62,0.64
1763424337,92184.98374602302,0.62,0.64
1763424338,92169.3561588161,0.58,0.61
1763424339,92159.25117303898,0.57,0.58
1763424340,92151.10487323371,0.6,0.62
1763424341,92154.318707,0.63,0.65
1763424342,92155.93975427253,0.61,0.63
1763424343,92159.9053735,0.62,0.64
1763424344,92161.58382749518,0.62,0.63
1763424345,92161.56096365793,0.62,0.63
1763424346,92162.35814112783,0.62,0.63
1763424347,92161.65854910544,0.62,0.63
1763424348,92160.49094132757,0.6,0.61
1763424349,92157.63173475652,0.6,0.61
1763424350,92154.72135207929,0.6,0.61
1763424351,92151.53482671734,0.57,0.62
1763424352,92145.00413651715,0.57,0.62
1763424353,92137.2530288243,0.58,0.6
1763424354,92143.22372582431,0.58,0.6
1763424355,92138.06854810537,0.58,0.6
1763424356,92138.05111224102,0.58,0.6
1763424357,92135.86734372824,0.58,0.6
1763424358,92136.59662194923,0.58,0.59
1763424359,92135.2528010943,0.58,0.6
1763424360,92134.89816086044,0.59,0.6
1763424361,92144.15000721182,0.59,0.6
1763424362,92144.15000721182,0.59,0.6
1763424363,92145.34602066997,0.59,0.6
1763424364,92145.34602066997,0.59,0.6
1763424365,92140.60900315891,0.59,0.6
1763424366,92140.98015780475,0.58,0.6
1763424367,92140.40130369239,0.58,0.6
1763424368,92142.8345909666,0.58,0.6
1763424369,92142.8345909666,0.56,0.57
1763424370,92141.42950365752,0.5,0.52
1763424371,92122.29040275807,0.5,0.51
1763424372,92111.15044548416,0.52,0.53
1763424373,92111.15044548416,0.53,0.54
1763424374,92115.88354775679,0.51,0.53
1763424377,92108.90354507774,0.49,0.53
1763424378,92114.06039439722,0.52,0.53
1763424379,92113.16166576516,0.52,0.53
1763424380,92111.31880274876,0.52,0.53
1763424381,92111.39911675312,0.52,0.53
1763424382,92111.33553973558,0.5,0.52
1763424383,92110.03648776653,0.52,0.54
1763424384,92110.83570476537,0.52,0.53
1763424385,92114.34474080842,0.57,0.6
1763424386,92126.71215507812,0.59,0.6
1763424387,92139.7585235,0.61,0.62
1763424388,92150.07863194039,0.61,0.62
1763424389,92149.6416319404,0.61,0.62
1763424390,92149.425634,0.61,0.62
1763424391,92149.424134,0.61,0.62
1763424392,92149.5226667086,0.61,0.62
1763424393,92151.67246294078,0.63,0.64
1763424394,92170.76943216333,0.66,0.68
1763424395,92176.12218729297,0.66,0.68
1763424396,92176.11764330445,0.66,0.67
1763424397,92176.11764330445,0.66,0.67
1763424398,92176.10533315281,0.65,0.67
1763424399,92176.21180427466,0.65,0.66
1763424400,92172.13845820144,0.63,0.64
1763424401,92168.78452102948,0.63,0.65
1763424402,92163.051200074,0.62,0.65
1763424403,92166.25365669366,0.64,0.66
1763424404,92166.25365669366,0.64,0.66
1763424405,92167.70226025583,0.64,0.65
1763424406,92167.70226025583,0.62,0.63
1763424407,92160.03378962731,0.61,0.62
1763424408,92160.03378962731,0.61,0.62
1763424409,92159.51958712033,0.61,0.62
1763424410,92153.00002542825,0.62,0.64
1763424411,92153.00002542825,0.61,0.64
1763424412,92157.14985840689,0.64,0.65
1763424413,92157.54139216752,0.65,0.66
1763424414,92165.56195475055,0.65,0.66
1763424415,92164.68842973607,0.63,0.65
1763424416,92164.72090424126,0.63,0.65
1763424417,92164.06951505093,0.63,0.64
1763424418,92164.06951505093,0.62,0.64
1763424419,92160.25411909485,0.63,0.65
1763424420,92160.49252255533,0.66,0.68
1763424421,92170.09613641219,0.65,0.68
1763424422,92176.19681101211,0.65,0.66
1763424423,92174.15841650909,0.63,0.64
1763424424,92162.28131715048,0.61,0.63
1763424425,92162.28131715048,0.61,0.63
1763424426,92152.69639328774,0.62,0.63
1763424427,92152.69639328774,0.62,0.63
1763424428,92154.0584459868,0.61,0.63
1763424429,92154.2276167004,0.6,0.61
1763424430,92155.96450874074,0.64,0.65
1763424431,92155.93837332091,0.64,0.65
1763424432,92163.29450438493,0.65,0.66
1763424433,92166.75859257192,0.63,0.64
1763424434,92169.99877276957,0.63,0.64
1763424436,92168.64000375861,0.64,0.66
1763424437,92163.94677569653,0.66,0.68
1763424438,92170.73053760613,0.66,0.68
1763424439,92174.87413415633,0.66,0.68
1763424440,92179.9272455,0.67,0.68
1763424441,92180.27217512931,0.68,0.7
1763424442,92182.641618,0.68,0.7
1763424443,92184.69645723217,0.68,0.69
1763424444,92182.83107628611,0.66,0.68
1763424445,92176.71423494164,0.69,0.7
1763424447,92177.53757546691,0.69,0.72
1763424449,92188.32946077122,0.69,0.72
1763424450,92188.66413605267,0.7,0.72
1763424451,92188.67513605267,0.71,0.72
1763424452,92191.62165300551,0.71,0.73
1763424453,92191.66417964068,0.64,0.69
1763424454,92188.41771422235,0.64,0.66
1763424455,92170.74295607767,0.65,0.66
1763424457,92168.77570471457,0.67,0.69
1763424458,92169.87588381243,0.67,0.69
1763424459,92172.44263393884,0.67,0.69
1763424460,92172.51023159997,0.67,0.69
1763424461,92176.6732345726,0.66,0.7
1763424462,92176.6732345726,0.68,0.69
1763424463,92175.01440214907,0.66,0.69
1763424464,92175.01440214907,0.66,0.69
1763424465,92176.29179001474,0.67,0.7
1763424466,92174.40613686609,0.67,0.68
1763424467,92174.52506489771,0.66,0.67
1763424468,92174.51556489771,0.65,0.68
1763424469,92169.61084362071,0.64,0.67
1763424470,92169.61084362071,0.65,0.66
1763424471,92170.50856661823,0.65,0.68
1763424472,92170.50856661823,0.65,0.68
1763424473,92169.73164702262,0.65,0.68
1763424474,92169.73164702262,0.66,0.68
1763424475,92169.37795259673,0.66,0.68
1763424476,92168.45550659121,0.67,0.68
1763424477,92168.98927982099,0.65,0.68
1763424478,92169.05357727155,0.66,0.68
1763424479,92169.05357727155,0.66,0.68
1763424480,92169.8995262168,0.67,0.69
1763424481,92169.8995262168,0.65,0.67
1763424482,92170.30715473913,0.64,0.67
1763424483,92167.14275525606,0.64,0.67
1763424484,92164.35383122406,0.65,0.67
1763424485,92163.61194347506,0.66,0.69
1763424486,92167.15196734722,0.67,0.69
1763424487,92168.7056509937,0.68,0.7
1763424488,92172.69978911192,0.68,0.7
1763424489,92172.75978911192,0.68,0.71
1763424490,92175.6635137919,0.7,0.72
1763424491,92175.81860360049,0.69,0.71
1763424492,92176.52164740852,0.7,0.72
1763424493,92176.86489291264,0.72,0.74
1763424494,92184.80789037593,0.73,0.75
1763424495,92199.86010791388,0.74,0.77
1763424496,92205.1220640739,0.76,0.77
1763424497,92205.8086044079,0.76,0.77
1763424498,92208.91804420247,0.76,0.77
1763424499,92209.87204420246,0.76,0.77
1763424500,92202.61107861604,0.75,0.76
1763424501,92203.55894808691,0.75,0.76
1763424502,92205.11575091124,0.75,0.76
1763424503,92205.55295721024,0.74,0.76
1763424504,92205.55295721024,0.72,0.74
1763424505,92193.41674625337,0.72,0.74
1763424506,92192.37983980613,0.72,0.74
1763424507,92191.40649518387,0.71,0.74
1763424508,92191.1106508845,0.71,0.73
1763424509,92186.86724494642,0.7,0.73
1763424510,92186.86724494642,0.7,0.72
1763424511,92182.0189399295,0.71,0.73
1763424512,92176.56202613849,0.71,0.74
1763424513,92183.1591990963,0.71,0.74
1763424514,92183.40200648234,0.71,0.74
1763424515,92184.40782543234,0.73,0.75
1763424516,92185.78025285591,0.73,0.75
1763424517,92185.95767468812,0.72,0.73
1763424518,92180.8477153297,0.7,0.72
1763424519,92180.7722153297,0.71,0.73
1763424520,92179.83503581214,0.71,0.73
1763424521,92181.8913635461,0.72,0.73
1763424522,92181.8913635461,0.72,0.73
1763424523,92190.71407727561,0.74,0.76
1763424524,92190.71407727561,0.75,0.76
1763424525,92195.37341807273,0.75,0.76
1763424526,92196.2074475,0.74,0.77
1763424527,92199.22026346653,0.76,0.77
1763424528,92199.61330525926,0.76,0.77
1763424529,92200.42318980763,0.76,0.77
1763424530,92200.01078574591,0.76,0.77
1763424531,92187.27648391562,0.7,0.73
1763424532,92179.70922382027,0.71,0.73
1763424533,92177.65305651967,0.71,0.73
1763424534,92177.11607693648,0.71,0.73
1763424535,92177.11607693648,0.71,0.73
1763424536,92177.30446821386,0.71,0.73
1763424537,92177.30446821386,0.71,0.73
1763424538,92178.41286657822,0.7,0.72
1763424539,92178.2259974226,0.7,0.71
1763424540,92176.43835121812,0.72,0.74
1763424541,92174.17258821274,0.72,0.74
1763424542,92184.53730818974,0.74,0.76
1763424543,92184.53730818974,0.74,0.76
1763424544,92192.17197,0.74,0.76
1763424545,92192.17197,0.75,0.76
1763424546,92194.85099016018,0.76,0.78
1763424547,92196.63765646149,0.76,0.78
1763424548,92196.95724696988,0.76,0.78
1763424549,92200.41095711132,0.76,0.78
1763424550,92200.49497102271,0.76,0.78
1763424551,92200.26457007386,0.76,0.77
1763424552,92198.847934407,0.76,0.78
1763424553,92198.84222087593,0.77,0.78
1763424554,92196.70635481432,0.76,0.78
1763424555,92196.70635481432,0.76,0.78
1763424556,92193.50259059957,0.76,0.78
1763424557,92193.49309059957,0.76,0.78
1763424558,92193.49084301766,0.77,0.78
1763424559,92193.49184301766,0.77,0.78
1763424560,92202.36809683604,0.78,0.8
1763424561,92204.06715108981,0.79,0.8
1763424562,92204.4333971462,0.79,0.8
1763424563,92209.36527100232,0.79,0.8
1763424564,92211.68625527399,0.81,0.82
1763424565,92212.57300875368,0.81,0.82
1763424566,92215.17859157245,0.81,0.82
1763424567,92218.75265823778,0.81,0.82
1763424568,92219.5407164263,0.82,0.84
1763424569,92220.09770182753,0.82,0.84
1763424570,92220.0079060991,0.82,0.84
1763424571,92220.48332359402,0.82,0.84
1763424572,92220.30482726896,0.82,0.84
1763424573,92219.510916,0.82,0.84
1763424574,92220.13469236385,0.82,0.84
1763424575,92220.13386140455,0.82,0.84
1763424576,92219.367704,0.82,0.84
1763424577,92219.4876975,0.81,0.84
1763424578,92218.87905,0.82,0.84
1763424579,92218.40267941006,0.82,0.84
1763424580,92218.40057975298,0.82,0.84
1763424581,92218.38959684134,0.83,0.84
1763424582,92221.4049384317,0.84,0.86
1763424583,92221.4049384317,0.83,0.86
1763424584,92226.37736830737,0.84,0.86
1763424585,92227.28339119711,0.85,0.86
1763424586,92239.52693031412,0.84,0.86
1763424587,92239.52693031412,0.85,0.86
1763424588,92239.84675520466,0.85,0.86
1763424589,92239.84675520466,0.85,0.86
1763424597,92236.69299069371,0.85,0.87
1763424598,92236.69299069371,0.86,0.87
1763424599,92236.30067401018,0.86,0.88
1763424600,92239.040943822,0.85,0.86
1763424601,92239.040943822,0.83,0.85
1763424602,92220.52474720398,0.84,0.86
1763424603,92227.8126483333,0.8,0.82
1763424604,92227.8126483333,0.81,0.82
1763424605,92207.63042111826,0.81,0.82
1763424606,92207.63042111826,0.8,0.83
1763424607,92207.51804572695,0.81,0.83
1763424608,92207.51804572695,0.82,0.83
1763424609,92212.59176850489,0.81,0.83
1763424610,92206.79800577143,0.81,0.83
1763424611,92206.79937427143,0.81,0.83
1763424612,92210.943868,0.82,0.83
1763424613,92211.3434115,0.82,0.83
1763424614,92211.24394615031,0.82,0.83
1763424615,92212.60240979666,0.83,0.84
1763424616,92215.227121,0.83,0.84
1763424617,92215.227121,0.84,0.85
1763424618,92218.40370541379,0.82,0.84
1763424619,92218.40370541379,0.81,0.84
1763424620,92218.378204,0.83,0.84
1763424621,92217.990052,0.83,0.84
1763424622,92217.8581525,0.83,0.85
1763424623,92217.8661275,0.83,0.85
1763424624,92219.827734,0.83,0.86
1763424625,92223.1446125,0.85,0.86
1763424626,92223.449979,0.84,0.85
1763424627,92223.102671,0.84,0.87
1763424628,92221.0729138221,0.85,0.86
1763424629,92221.0729138221,0.83,0.86
1763424630,92212.40660265353,0.83,0.86
1763424631,92212.16807941797,0.83,0.85
1763424632,92206.61556973918,0.82,0.85
1763424633,92204.29715358916,0.82,0.84
1763424634,92207.57286845129,0.82,0.84
1763424635,92205.32355870187,0.82,0.84
1763424636,92205.46798755701,0.82,0.84
1763424637,92205.46798755701,0.82,0.84
1763424638,92206.97556772365,0.82,0.84
1763424639,92206.97556772365,0.82,0.84
1763424640,92205.66993233167,0.83,0.85
1763424641,92205.66993233167,0.84,0.85
1763424642,92209.08277767773,0.84,0.85
1763424643,92208.87745232736,0.84,0.85
1763424644,92208.43898553734,0.84,0.85
1763424645,92208.43898553734,0.84,0.85
1763424646,92209.05310239962,0.84,0.85
1763424647,92208.75182213918,0.84,0.85
1763424648,92207.20165634593,0.85,0.86
1763424649,92207.20165634593,0.85,0.86
1763424650,92210.12873678388,0.84,0.85
1763424651,92208.26954920922,0.84,0.86
1763424652,92207.92830917021,0.85,0.86
1763424653,92207.94654351962,0.85,0.86
1763424654,92207.93259846552,0.85,0.86
1763424655,92209.39463302438,0.85,0.86
1763424656,92209.63923397183,0.85,0.86
1763424657,92209.54999236323,0.85,0.86
1763424658,92208.09251115019,0.85,0.86
1763424659,92209.01136154548,0.84,0.86
1763424660,92202.95812257522,0.85,0.87
1763424661,92206.71296911837,0.86,0.87
1763424662,92205.75842476122,0.86,0.87
1763424663,92209.55782999068,0.86,0.87
1763424664,92208.38392903814,0.86,0.87
1763424665,92207.41321043829,0.85,0.87
1763424666,92206.20191922868,0.85,0.87
1763424667,92203.65573955087,0.85,0.87
1763424668,92205.04023955087,0.85,0.87
1763424670,92203.6610845612,0.85,0.87
1763424671,92203.08681453743,0.85,0.87
1763424672,92204.07425799695,0.85,0.87
1763424673,92204.4818841008,0.85,0.87
1763424674,92204.72349167817,0.86,0.88
1763424675,92204.75814720655,0.86,0.88
1763424676,92204.72640016301,0.86,0.88
1763424677,92204.72640016301,0.86,0.88
1763424678,92211.34795845461,0.86,0.88
1763424679,92211.34795845461,0.87,0.88
1763424680,92210.52637273332,0.87,0.89
1763424681,92209.10347396634,0.88,0.89
1763424682,92209.10347396634,0.88,0.89
1763424683,92208.61573217934,0.88,0.89
1763424684,92209.07246435869,0.88,0.9
1763424685,92210.09937125146,0.87,0.89
1763424686,92210.09937125146,0.87,0.89
1763424687,92210.7271676702,0.87,0.89
1763424688,92210.16279317264,0.87,0.89
1763424689,92210.09862927954,0.87,0.89
1763424690,92210.02925839346,0.87,0.89
1763424691,92210.02925839346,0.85,0.86
1763424692,92198.90186412899,0.81,0.82
1763424693,92186.01093344452,0.83,0.85
1763424694,92186.01093344452,0.83,0.85
1763424695,92188.54251001794,0.84,0.85
1763424696,92188.676620741,0.84,0.85
1763424697,92190.69006598936,0.84,0.85
1763424698,92190.69256598936,0.84,0.85
1763424699,92190.6871604708,0.83,0.85
1763424700,92190.6871604708,0.83,0.85
1763424701,92188.96955338532,0.83,0.86
1763424702,92185.26428261102,0.83,0.86
1763424703,92188.39679220486,0.83,0.86
1763424704,92188.35906275283,0.84,0.86
1763424705,92185.26550646072,0.84,0.86
1763424706,92185.26550646072,0.84,0.86
1763424707,92187.40487613523,0.84,0.86
1763424708,92189.24851474688,0.83,0.84
1763424709,92189.24851474688,0.83,0.84
1763424710,92178.642,0.81,0.82
1763424711,92176.3138863717,0.82,0.83
1763424712,92177.07910926845,0.83,0.84
1763424713,92179.16902147427,0.75,0.76
1763424714,92179.16902147427,0.76,0.77
1763424715,92165.26480684066,0.76,0.78
1763424716,92164.1376421106,0.76,0.77
1763424717,92164.1376421106,0.76,0.77
1763424718,92162.95793956875,0.76,0.77
1763424719,92162.91869691836,0.76,0.77
1763424720,92162.90915552065,0.76,0.78
1763424721,92160.63606725688,0.79,0.83
1763424722,92169.828793,0.8,0.83
1763424723,92171.71245218295,0.82,0.84
1763424724,92175.09993525226,0.82,0.84
1763424725,92178.24704626222,0.83,0.85
1763424726,92179.24734998691,0.84,0.85
1763424729,92182.51833587223,0.85,0.86
1763424730,92184.2876998474,0.85,0.86
1763424731,92185.17162464627,0.86,0.87
1763424732,92183.765440282,0.79,0.82
1763424733,92183.765440282,0.79,0.82
1763424734,92171.58334907153,0.79,0.82
1763424735,92169.97185665288,0.79,0.82
1763424736,92169.97440049531,0.8,0.82
1763424737,92169.97440049531,0.82,0.84
1763424738,92170.68040834898,0.86,0.87
1763424739,92177.36373286582,0.86,0.87
1763424740,92179.3158317426,0.85,0.87
1763424741,92180.53020831796,0.85,0.87
1763424742,92180.53020831796,0.85,0.87
1763424743,92177.71051122341,0.85,0.87
1763424744,92177.71198106236,0.85,0.87
1763424745,92177.72484943255,0.85,0.87
1763424746,92177.72484943255,0.87,0.88
1763424747,92177.90073698056,0.87,0.88
1763424748,92181.75715977125,0.87,0.88
1763424749,92181.75715977125,0.87,0.88
1763424750,92180.93717662855,0.87,0.88
1763424751,92180.93717662855,0.87,0.88
1763424752,92183.60416800634,0.87,0.88
1763424753,92184.27585451641,0.87,0.88
1763424754,92184.27585451641,0.87,0.88
1763424755,92182.23183077399,0.87,0.88
1763424756,92182.23183077399,0.81,0.82
1763424757,92166.225229231,0.81,0.83
1763424758,92165.984043231,0.81,0.84
1763424759,92162.80514606705,0.81,0.84
1763424760,92162.47657038108,0.81,0.84
1763424761,92162.78053935568,0.82,0.84
1763424762,92162.67904744494,0.79,0.83
1763424763,92162.91744253637,0.83,0.84
1763424764,92162.91744253637,0.82,0.84
1763424765,92162.13997114483,0.84,0.85
1763424766,92162.13997114483,0.84,0.85
1763424767,92163.0263759337,0.79,0.84
1763424768,92162.58022581368,0.81,0.84
1763424769,92162.58022581368,0.81,0.84
1763424770,92162.85643534455,0.81,0.84
1763424771,92163.09680911367,0.81,0.84
1763424772,92162.68787594125,0.82,0.84
1763424773,92163.53597594732,0.85,0.87
1763424774,92165.94964359236,0.85,0.87
1763424775,92168.30900031104,0.85,0.87
1763424776,92166.29892916468,0.85,0.87
1763424777,92166.39697438115,0.81,0.84
1763424778,92166.39697438115,0.81,0.84
1763424779,92162.45810779369,0.77,0.79
1763424780,92158.67509936569,0.63,0.7
1763424781,92136.27241300013,0.65,0.7
1763424782,92134.03038709667,0.63,0.65
1763424783,92133.89997972964,0.64,0.68
1763424784,92129.57348523496,0.66,0.7
1763424785,92130.68117178995,0.7,0.72
1763424786,92131.4238429567,0.67,0.7
1763424787,92131.45330617904,0.72,0.74
1763424788,92135.72592433983,0.69,0.74
1763424789,92137.39590321333,0.74,0.76
1763424790,92137.70774295312,0.71,0.76
1763424791,92137.86539167399,0.73,0.74
1763424792,92136.96872045092,0.7,0.71
1763424793,92136.23585085064,0.65,0.66
1763424794,92129.60200463848,0.62,0.64
1763424795,92124.3010920822,0.64,0.69
1763424796,92123.38829371055,0.66,0.69
1763424797,92124.77359263979,0.69,0.71
1763424798,92132.3758844369,0.67,0.73
1763424799,92132.38552423389,0.66,0.71
1763424800,92132.33557513765,0.66,0.72
1763424801,92129.91937886845,0.72,0.73
1763424802,92139.96388365282,0.83,0.86
1763424803,92150.1401620285,0.83,0.88
1763424804,92158.3284398293,0.81,0.88
1763424805,92158.09051449057,0.81,0.89
1763424806,92156.82175536691,0.81,0.85
1763424807,92155.08525023615,0.8,0.83
1763424808,92150.44346389802,0.8,0.83
1763424809,92151.36771935991,0.8,0.85
1763424810,92150.2342463674,0.78,0.85
1763424811,92150.19196106456,0.81,0.83
1763424812,92150.76457765982,0.73,0.82
1763424813,92145.21939714385,0.74,0.78
1763424814,92145.15401631873,0.76,0.78
1763424815,92142.31745005837,0.77,0.79
1763424816,92142.31036734079,0.77,0.78
1763424817,92146.43424854474,0.77,0.84
1763424818,92142.9209292629,0.76,0.83
1763424819,92142.9209292629,0.8,0.83
1763424820,92147.58492813763,0.8,0.84
1763424821,92150.5881855,0.79,0.84
1763424822,92150.71457,0.73,0.77
1763424823,92137.7192975345,0.7,0.75
1763424824,92133.49252349614,0.64,0.66
1763424825,92133.6624447834,0.67,0.72
1763424826,92125.37298089746,0.73,0.75
1763424827,92126.34195355729,0.73,0.76
1763424828,92129.36768055982,0.75,0.79
1763424829,92128.00658259891,0.71,0.75
1763424830,92127.67050203706,0.73,0.75
1763424831,92129.03032484776,0.72,0.78
1763424832,92132.19264031542,0.73,0.77
1763424833,92133.22269001068,0.72,0.73
1763424834,92132.67573422013,0.72,0.78
1763424835,92126.52149731554,0.72,0.77
1763424836,92126.3718715014,0.7,0.77
1763424837,92126.3718715014,0.7,0.77
1763424838,92125.38839921559,0.64,0.69
1763424839,92125.38064505039,0.64,0.67
1763424840,92121.3858219113,0.64,0.7
1763424841,92119.84045093962,0.64,0.69
1763424842,92117.7578078273,0.64,0.66
1763424843,92116.31864502735,0.55,0.63
1763424844,92112.73319109713,0.5,0.63
1763424845,92112.66219109713,0.56,0.63
1763424846,92111.60972852625,0.54,0.63
1763424847,92111.60972852625,0.57,0.64
1763424848,92110.4013669888,0.57,0.61
1763424849,92110.4013669888,0.52,0.58
1763424850,92110.18024233643,0.55,0.6
1763424851,92110.19040388452,0.57,0.64
1763424852,92112.14781969496,0.5,0.53
1763424853,92112.31929535182,0.59,0.61
1763424854,92108.68832915378,0.59,0.66
1763424855,92114.52036872158,0.59,0.66
1763424856,92112.8892107771,0.62,0.71
1763424857,92112.97235872605,0.62,0.67
1763424858,92113.45844527772,0.62,0.64
1763424859,92113.45844527772,0.62,0.71
1763424860,92114.95949468165,0.62,0.64
1763424861,92114.53172538456,0.7,0.77
1763424862,92114.53172538456,0.7,0.77
1763424863,92122.03491626655,0.7,0.78
1763424864,92122.03491626655,0.69,0.98
1763424865,92122.04827540767,0.69,0.79
1763424866,92121.78828833041,0.7,0.77
1763424867,92121.78828833041,0.75,0.83
1763424868,92118.2899129854,0.82,0.85
1763424869,92118.12721596968,0.72,0.79
1763424870,92118.12721596968,0.72,0.78
1763424871,92118.19144895705,0.48,0.6
1763424872,92104.31423935267,0.4,0.64
1763424873,92102.4232178221,0.4,0.65
1763424874,92100.55897122386,0.53,0.65
1763424875,92100.26475832064,0.52,0.65
1763424876,92100.26475832064,0.52,0.65
1763424877,92100.65388941843,0.4,0.5
1763424878,92097.91657218151,0.4,0.48
1763424879,92094.80532817647,0.25,0.4
1763424880,92094.17715302142,0.25,0.81
1763424881,92092.93078076001,0.3,0.39
1763424882,92091.52676931741,0.36,0.47
1763424883,92091.52676931741,0.25,0.81
1763424884,92089.16614502606,0.25,0.43
1763424885,92089.16614502606,0.37,0.54
1763424886,92095.40002477792,0.45,0.65
1763424887,92106.84548165799,0.36,0.64
1763424888,92106.829502,0.4,0.6
1763424889,92107.70721305483,0.25,0.58
1763424890,92107.70721305483,0.4,0.51
1763424891,92107.77905684299,0.54,0.61
1763424892,92106.14870744369,0.55,0.61
1763424893,92106.14870744369,0.56,0.62
1763424894,92103.10252240908,0.57,0.66
1763424895,92103.10252240908,0.59,0.67
1763424896,92106.08020051043,0.65,0.82
1763424897,92106.08020051043,0.68,0.82
1763424898,92106.38671437046,0.66,0.76
1763424899,92106.0300011747,0.7,0.82
1763424900,92106.0300011747,0.51,0.52
1763424901,92118.54701621326,0.51,0.52
1763424902,92138.10049998523,0.59,0.6
1763424903,92150.13099359929,0.59,0.6
1763424904,92155.87123583702,0.59,0.6
1763424905,92155.87123583702,0.59,0.62
1763424906,92159.44768638452,0.59,0.62
1763424907,92159.16162910225,0.59,0.62
1763424908,92160.03216091284,0.59,0.62
1763424909,92160.03216091284,0.6,0.62
1763424910,92160.21687488115,0.6,0.61
1763424911,92160.33935202389,0.6,0.62
1763424912,92161.44833063787,0.6,0.62
1763424913,92161.25178300176,0.6,0.62
1763424914,92161.24935238773,0.6,0.62
1763424915,92161.24935238773,0.59,0.62
1763424916,92160.465432,0.58,0.61
1763424917,92160.408584,0.58,0.6
1763424918,92152.97917902452,0.55,0.56
1763424919,92150.72699630691,0.55,0.56
1763424920,92149.96238147528,0.55,0.58
1763424921,92139.76666609108,0.55,0.58
1763424922,92140.5539534454,0.53,0.55
1763424923,92130.3430925646,0.53,0.55
1763424924,92130.3430925646,0.54,0.55
1763424925,92132.04830853081,0.54,0.56
1763424926,92132.04830853081,0.54,0.56
1763424927,92132.28594534454,0.54,0.56
1763424928,92132.28594534454,0.55,0.58
1763424929,92138.02820131686,0.56,0.59
1763424930,92138.4944276115,0.57,0.59
1763424931,92143.29012803201,0.57,0.59
1763424932,92143.29012803201,0.57,0.59
1763424933,92144.6149849881,0.57,0.59
1763424934,92144.6149849881,0.56,0.58
1763424935,92143.64040460165,0.56,0.59
1763424936,92143.64027172331,0.56,0.59
1763424937,92144.03490486169,0.56,0.59
1763424938,92144.01389578308,0.55,0.57
1763424939,92143.65265751473,0.54,0.55
1763424940,92137.86959935083,0.55,0.56
1763424941,92137.846027,0.54,0.56
1763424942,92138.02901065566,0.55,0.56
1763424943,92136.30286769086,0.55,0.56
1763424944,92135.14572145503,0.55,0.57
1763424945,92133.81164420968,0.56,0.58
1763424946,92146.59522756335,0.58,0.6
1763424947,92154.194,0.58,0.6
1763424948,92156.92794378393,0.59,0.61
1763424949,92153.55883439061,0.59,0.61
1763424950,92153.332179785,0.59,0.61
1763424951,92153.86315007642,0.59,0.61
1763424952,92153.62538685599,0.59,0.61
1763424953,92153.9767420096,0.59,0.61
1763424954,92153.97720414885,0.6,0.62
1763424955,92154.30834007723,0.59,0.62
1763424956,92154.2795002081,0.6,0.62
1763424957,92156.94503729208,0.6,0.62
1763424958,92157.41851294888,0.6,0.62
1763424959,92158.22,0.6,0.62
1763424960,92161.25503719572,0.59,0.6
1763424961,92152.56723980616,0.53,0.56
1763424962,92150.20340654449,0.53,0.54
1763424963,92131.87756473626,0.53,0.54
1763424964,92131.82899519004,0.5,0.52
1763424965,92125.63804634643,0.5,0.52
1763424966,92117.10072404474,0.51,0.53
1763424967,92117.77649900441,0.51,0.53
1763424968,92117.64029447749,0.5,0.52
1763424969,92116.47639922559,0.5,0.51
1763424970,92112.05922674663,0.48,0.49
1763424971,92100.46798279752,0.48,0.5
1763424972,92100.47284136541,0.48,0.49
1763424974,92098.04467035466,0.48,0.49
1763424975,92101.13804404685,0.48,0.49
1763424976,92100.80271010859,0.48,0.49
1763424977,92101.70603938375,0.48,0.49
1763424978,92101.64344103193,0.48,0.49
1763424979,92101.47585104445,0.48,0.49
1763424980,92102.33534566504,0.48,0.5
1763424981,92102.18691118128,0.49,0.5
1763424982,92101.90613657451,0.49,0.5
1763424983,92101.63607335536,0.46,0.49
1763424984,92095.21885551834,0.47,0.49
1763424985,92096.43969012542,0.48,0.49
1763424986,92096.44223242713,0.48,0.5
1763424987,92096.4490099781,0.49,0.5
1763424988,92094.17531856222,0.48,0.49
1763424989,92094.7280170139,0.48,0.49
1763424990,92093.40662146271,0.47,0.49
1763424991,92105.11135787207,0.51,0.52
1763424992,92108.56375506015,0.49,0.5
1763424993,92110.82261892641,0.53,0.55
1763424994,92117.02059954854,0.53,0.55
1763424995,92122.79512648737,0.53,0.55
1763424996,92122.7950331844,0.53,0.55
1763424997,92122.86247570271,0.53,0.55
1763424998,92122.86247570271,0.53,0.55
1763424999,92122.83655223291,0.53,0.54
1763425000,92122.83655223291,0.53,0.55
1763425001,92129.164,0.55,0.56
1763425002,92129.164,0.55,0.56
1763425003,92130.5681761008,0.54,0.56
1763425004,92130.5681761008,0.54,0.55
1763425005,92128.22162148997,0.5,0.52
1763425006,92120.84601197604,0.5,0.53
1763425007,92120.72389850106,0.5,0.53
1763425008,92114.97533755598,0.5,0.53
1763425009,92114.97533755598,0.5,0.53
1763425010,92117.98905218093,0.51,0.54
1763425011,92116.87823196097,0.52,0.54
1763425012,92116.87823196097,0.54,0.55
1763425013,92120.06290397806,0.53,0.55
1763425014,92119.57560204953,0.52,0.53
1763425015,92123.72676748487,0.53,0.55
1763425016,92123.72676748487,0.54,0.55
1763425017,92126.71400372234,0.54,0.55
1763425018,92126.71400372234,0.51,0.52
1763425019,92120.40931709445,0.49,0.51
1763425020,92111.2327299894,0.48,0.5
1763425021,92108.19916021072,0.48,0.5
1763425025,92110.50283647656,0.53,0.55
1763425026,92123.3837042811,0.51,0.53
1763425027,92123.71204019024,0.48,0.51
1763425028,92120.0202145,0.48,0.51
1763425029,92108.10711522285,0.49,0.5
1763425031,92108.92611416307,0.49,0.5
1763425042,92152.24834867659,0.49,0.5
1763425043,92148.88310700287,0.49,0.5
1763425044,92148.75077491661,0.49,0.5
1763425045,92144.0552122604,0.49,0.5
1763425046,92144.0552122604,0.49,0.5
1763425049,92145.33268094633,0.57,0.58
1763425050,92134.075667,0.53,0.55
1763425051,92133.97785749055,0.53,0.54
1763425052,92127.00277478006,0.52,0.53
1763425053,92126.76289228006,0.52,0.53
1763425054,92124.33856048419,0.51,0.53
1763425055,92123.92105484572,0.52,0.53
1763425056,92123.92105484572,0.54,0.55
1763425057,92124.18872272455,0.56,0.57
1763425058,92124.18872272455,0.54,0.57
1763425059,92129.35364904256,0.53,0.55
1763425060,92129.44499329073,0.53,0.55
1763425061,92129.44499329073,0.53,0.55
1763425062,92126.43168237865,0.53,0.55
1763425063,92120.60906794704,0.53,0.55
1763425064,92123.59006040756,0.53,0.55
1763425065,92122.69477819982,0.54,0.55
1763425066,92125.81171404802,0.55,0.57
1763425067,92127.87363621441,0.53,0.54
1763425068,92124.16988256661,0.53,0.54
1763425069,92123.03469615383,0.53,0.54
1763425070,92121.17687696111,0.53,0.55
1763425071,92121.17687696111,0.52,0.53
1763425072,92119.7252352277,0.5,0.52
1763425073,92116.14427505876,0.49,0.51
1763425074,92108.35934349165,0.48,0.5
1763425075,92105.18512339614,0.48,0.49
1763425076,92098.81951088575,0.47,0.49
1763425077,92098.81951088575,0.47,0.49
1763425078,92097.93740661288,0.46,0.48
1763425079,92088.83166339228,0.47,0.48
1763425080,92091.68677379852,0.46,0.47
1763425081,92081.82405182559,0.4,0.41
1763425082,92081.82405182559,0.4,0.41
1763425083,92068.0644595,0.41,0.44
1763425084,92068.073485,0.4,0.41
1763425085,92067.41603484948,0.36,0.37
1763425086,92028.02760132111,0.33,0.35
1763425087,92031.3753704532,0.32,0.33
1763425088,92008.16219064317,0.31,0.33
1763425089,92013.1812586546,0.31,0.33
1763425090,92013.14284088729,0.3,0.31
1763425091,92001.563716,0.26,0.27
1763425092,91984.7263283492,0.23,0.28
1763425093,91984.23025288603,0.25,0.28
1763425094,91981.85585183772,0.23,0.27
1763425095,91981.85585183772,0.23,0.25
1763425096,91971.40920925785,0.23,0.26
1763425097,91978.1825718872,0.23,0.26
1763425098,91977.84226588774,0.22,0.23
1763425099,91977.83211388775,0.22,0.25
1763425100,91972.14937587772,0.25,0.26
1763425101,91970.5190011311,0.26,0.27
1763425102,91982.3335408511,0.23,0.26
1763425103,91969.69151239458,0.23,0.26
1763425104,91969.69151239458,0.23,0.26
1763425105,91966.79253813703,0.22,0.23
1763425106,91966.79253813703,0.21,0.23
1763425107,91955.40365812296,0.2,0.21
1763425108,91954.37529762296,0.22,0.23
1763425109,91950.1177038136,0.2,0.23
1763425110,91952.32764127718,0.2,0.21
1763425111,91947.79199734735,0.16,0.18
1763425112,91902.19939952549,0.17,0.18
1763425113,91899.16559866686,0.17,0.18
1763425114,91899.16559866686,0.17,0.18
1763425115,91900.4842960094,0.17,0.18
1763425116,91901.20786487989,0.17,0.18
1763425117,91902.22357054829,0.17,0.18
1763425118,91911.57892070063,0.16,0.17
1763425119,91911.57892070063,0.17,0.18
1763425120,91906.502316652,0.16,0.18
1763425121,91906.502316652,0.16,0.18
1763425122,91906.10636273233,0.16,0.18
1763425123,91906.10325973685,0.17,0.18
1763425124,91894.34425065297,0.16,0.17
1763425125,91901.81969541282,0.16,0.19
1763425126,91909.93905513025,0.2,0.21
1763425127,91909.93905513025,0.2,0.22
1763425128,91942.24267407545,0.2,0.21
1763425129,91942.04449300398,0.2,0.23
1763425130,91941.38579306126,0.2,0.23
1763425131,91945.09287572472,0.21,0.23
1763425132,91945.09287572472,0.21,0.23
1763425133,91948.41882016326,0.21,0.23
1763425134,91950.73025446515,0.21,0.22
1763425135,91950.73025446515,0.24,0.25
1763425136,91964.75741214125,0.25,0.26
1763425137,91976.3567642302,0.25,0.26
1763425138,91976.3577642302,0.25,0.26
1763425139,91980.67536083603,0.25,0.26
1763425140,91985.8834679932,0.23,0.24
1763425141,91974.36673086252,0.21,0.22
1763425142,91974.36673086252,0.21,0.22
1763425143,91953.47746813404,0.22,0.23
1763425144,91955.31190105386,0.21,0.23
1763425145,91948.54620824341,0.21,0.22
1763425146,91948.54620824341,0.2,0.22
1763425147,91950.16446374661,0.21,0.22
1763425148,91950.16446374661,0.21,0.22
1763425149,91954.11217779412,0.19,0.21
1763425150,91947.14100118965,0.19,0.21
1763425151,91947.14100118965,0.19,0.21
1763425152,91947.91551297698,0.21,0.22
1763425153,91952.13099435826,0.21,0.23
1763425154,91959.01973535442,0.22,0.23
1763425155,91959.62154894529,0.2,0.21
1763425156,91959.62154894529,0.2,0.21
1763425157,91955.4243477918,0.2,0.21
1763425158,91952.76891987989,0.2,0.21
1763425159,91955.18179837317,0.21,0.23
1763425160,91955.12071420674,0.21,0.23
1763425161,91958.5059125,0.21,0.23
1763425162,91960.66787288206,0.21,0.23
1763425163,91957.3193085,0.21,0.23
1763425164,91957.326382,0.21,0.22
1763425165,91959.69796427067,0.2,0.22
1763425166,91954.3460175,0.2,0.23
1763425167,91954.1877955,0.2,0.23
1763425168,91954.40100940471,0.2,0.23
1763425169,91954.72455458262,0.2,0.22
1763425170,91952.89120970335,0.22,0.23
1763425171,91952.06719490334,0.19,0.21
1763425172,91952.06719490334,0.19,0.22
1763425173,91948.50843153383,0.21,0.23
1763425174,91952.3431202351,0.2,0.23
1763425175,91954.94324044875,0.21,0.23
1763425176,91950.25967016025,0.21,0.22
1763425178,91952.13957191525,0.2,0.23
1763425179,91952.13957191525,0.2,0.23
1763425180,91957.77036733663,0.19,0.22
1763425181,91951.0556295461,0.19,0.21
1763425182,91952.51480080829,0.2,0.22
1763425183,91951.46814774688,0.2,0.22
1763425184,91950.81591347455,0.2,0.22
1763425185,91950.74159586571,0.2,0.22
1763425186,91954.37384001868,0.2,0.22
1763425187,91950.73798035945,0.2,0.22
1763425188,91950.73798035945,0.19,0.21
1763425189,91948.30398458993,0.18,0.21
1763425190,91946.66143928097,0.18,0.21
1763425191,91946.66143928097,0.18,0.21
1763425192,91944.38703201646,0.21,0.22
1763425193,91944.38703201646,0.21,0.22
1763425194,91953.71215182969,0.21,0.22
1763425195,91956.69538411766,0.22,0.23
1763425196,91956.69538411766,0.23,0.24
1763425197,91976.50360645333,0.22,0.23
1763425198,91969.82706294864,0.22,0.23
1763425199,91969.82261439055,0.21,0.23
1763425200,91966.02972678331,0.2,0.22
1763425201,91965.78969345574,0.21,0.22
1763425202,91964.52852103102,0.2,0.22
1763425203,91964.1815086711,0.2,0.22
1763425204,91962.77958318882,0.21,0.22
1763425205,91961.96176772875,0.21,0.22
1763425206,91961.96176772875,0.21,0.22
1763425207,91966.6422095,0.21,0.22
1763425208,91966.62296253863,0.22,0.23
1763425209,91969.6773703622,0.23,0.24
1763425210,91977.88323281206,0.24,0.25
1763425211,91983.9869525,0.24,0.25
1763425212,91984.098687,0.24,0.25
1763425213,91988.913606,0.24,0.25
1763425214,91988.913606,0.24,0.25
1763425215,91989.4250745,0.23,0.25
1763425216,91989.4250745,0.23,0.25
1763425217,91981.262851,0.23,0.25
1763425218,91981.71944740732,0.21,0.23
1763425219,91974.974118107,0.2,0.22
1763425220,91971.68054578593,0.2,0.23
1763425221,91960.53587727158,0.2,0.23
1763425222,91960.53587727158,0.19,0.21
1763425223,91959.31716380373,0.18,0.2
1763425224,91954.79988975423,0.18,0.2
1763425225,91950.10311031602,0.18,0.2
1763425226,91950.12571076455,0.18,0.2
1763425227,91950.61379508674,0.18,0.2
1763425228,91950.04420955233,0.18,0.2
1763425229,91950.66630986163,0.19,0.2
1763425230,91950.97481587752,0.19,0.2
1763425231,91954.87688769319,0.19,0.2
1763425232,91959.88003547305,0.2,0.21
1763425233,91962.14150431026,0.22,0.24
1763425234,91962.14150431026,0.22,0.23
1763425235,91976.0074029928,0.21,0.23
1763425236,91976.0074029928,0.2,0.22
1763425237,91968.16329939585,0.2,0.23
1763425238,91968.16329939585,0.21,0.23
1763425239,91971.247199181,0.21,0.23
1763425240,91973.06347574285,0.21,0.23
1763425241,91973.06347574285,0.21,0.23
1763425242,91976.18676087534,0.22,0.23
1763425243,91976.67098096556,0.22,0.23
1763425244,91976.53464207992,0.22,0.23
1763425245,91976.39194065807,0.22,0.23
1763425246,91976.72347151398,0.22,0.23
1763425247,91976.72347151398,0.22,0.23
1763425248,91978.64617296577,0.22,0.23
1763425249,91984.878767,0.22,0.23
1763425250,91984.1119109448,0.23,0.25
1763425251,91988.85781386614,0.24,0.25
1763425252,91994.9017280518,0.24,0.25
1763425253,91995.7453931391,0.24,0.25
1763425254,91995.7469902488,0.24,0.25
1763425255,91995.74526825486,0.24,0.25
1763425256,91995.74413283728,0.24,0.25
1763425257,91995.90141515348,0.24,0.25
1763425258,91995.90141515348,0.24,0.25
1763425259,91995.75525301656,0.24,0.25
1763425260,91995.75525301656,0.24,0.25
1763425261,91994.67706089417,0.23,0.25
1763425262,91993.30926442669,0.22,0.23
1763425263,91993.19533128197,0.2,0.22
1763425264,91993.19533128197,0.2,0.22
1763425265,91978.0178766454,0.2,0.22
1763425266,91978.0178766454,0.2,0.21
1763425267,91962.44949532222,0.2,0.21
1763425268,91961.73926567404,0.2,0.21
1763425269,91959.18735386178,0.2,0.21
1763425270,91959.18735386178,0.2,0.21
1763425271,91959.78747923147,0.2,0.21
1763425272,91957.4692867779,0.18,0.2
1763425273,91956.47717578076,0.18,0.2
1763425274,91960.52875833161,0.19,0.2
1763425275,91961.68144892961,0.19,0.2
1763425276,91966.13130715064,0.19,0.2
1763425277,91966.48326084681,0.19,0.2
1763425280,91975.275858,0.24,0.25
1763425283,91990.8360945,0.24,0.25
1763425284,91997.68629544205,0.24,0.25
1763425285,91996.91545264525,0.24,0.25
1763425286,91997.3054031118,0.23,0.25
1763425287,91997.24905604069,0.23,0.25
1763425288,91989.68743802507,0.23,0.25
1763425289,91992.96461791245,0.23,0.25
1763425290,91993.07498767083,0.23,0.26
1763425291,91993.32139819603,0.23,0.25
1763425292,91991.34216698931,0.23,0.25
1763425293,91991.25689323369,0.24,0.25
1763425294,91992.48285668032,0.23,0.25
1763425295,91994.72300133474,0.22,0.25
1763425296,91985.95758574664,0.2,0.21
1763425297,91979.65308616176,0.2,0.21
1763425298,91973.10794608816,0.2,0.21
1763425299,91970.44040252523,0.2,0.21
1763425300,91971.25805501445,0.2,0.21
1763425301,91970.93349924745,0.2,0.21
1763425302,91973.80727510831,0.2,0.21
1763425303,91976.1556045169,0.2,0.21
1763425304,91975.0935630003,0.2,0.21
1763425305,91975.01133580098,0.2,0.21
1763425306,91975.47024745439,0.2,0.21
1763425307,91972.0455967458,0.19,0.21
1763425308,91971.28574689024,0.2,0.21
1763425309,91973.70309359512,0.2,0.22
1763425310,91977.60064156441,0.2,0.22
1763425311,91978.08730530445,0.21,0.22
1763425312,91977.19428089504,0.21,0.22
1763425313,91977.19639543872,0.21,0.22
1763425314,91978.12773504418,0.21,0.22
1763425315,91975.62866109051,0.19,0.21
1763425316,91973.34915958921,0.19,0.21
1763425317,91967.7049296942,0.2,0.21
1763425318,91967.61187722276,0.2,0.21
1763425319,91977.20729549082,0.21,0.22
1763425320,91977.20729549082,0.22,0.24
1763425321,91991.1455995,0.23,0.24
1763425322,91991.1455995,0.23,0.24
1763425323,91990.71075029531,0.23,0.24
1763425324,91990.71075029531,0.23,0.24
1763425325,91995.13902075826,0.23,0.25
1763425326,91995.13902075826,0.23,0.25
1763425327,91996.2569234249,0.23,0.25
1763425328,91998.12847514042,0.23,0.24
1763425329,91998.12847514042,0.23,0.25
1763425330,91993.0873324535,0.23,0.25
1763425331,91993.0873324535,0.23,0.25
1763425332,91994.81848059072,0.23,0.25
1763425333,91995.29848059072,0.23,0.25
1763425334,91999.7077756964,0.23,0.25
1763425335,91999.7077756964,0.23,0.25
1763425336,92001.92757380045,0.23,0.25
1763425337,92003.01135196115,0.26,0.28
1763425338,92003.26558046114,0.26,0.28
1763425339,92011.88185946895,0.24,0.26
1763425340,92014.62784501823,0.24,0.25
1763425341,92005.09706640305,0.23,0.25
1763425342,92001.32612955452,0.23,0.25
1763425343,92002.18932514884,0.23,0.25
1763425344,91999.55141947405,0.23,0.25
1763425345,91999.63414159672,0.23,0.25
1763425347,92002.76220016477,0.24,0.25
1763425348,92006.01096999538,0.26,0.27
1763425349,92014.216815,0.26,0.27
1763425350,92016.8156935,0.27,0.28
1763425351,92023.47740731953,0.27,0.28
1763425354,92060.3954485,0.35,0.37
1763425355,92055.94121964459,0.35,0.37
1763425356,92055.5851735,0.37,0.38
1763425357,92055.5851735,0.37,0.38
1763425358,92063.599853,0.39,0.4
1763425359,92065.001681,0.39,0.4
1763425360,92072.00429872103,0.38,0.39
1763425361,92072.00429872103,0.38,0.39
1763425362,92068.34246222737,0.39,0.4
1763425363,92068.34246222737,0.39,0.41
1763425364,92073.68551817242,0.39,0.41
1763425365,92077.50599317312,0.39,0.4
1763425366,92077.50599317312,0.39,0.4
1763425367,92068.726265,0.39,0.4
1763425368,92068.726265,0.39,0.42
1763425369,92068.26402670212,0.38,0.42
1763425370,92069.89973945006,0.4,0.42
1763425371,92073.40460808485,0.4,0.42
1763425372,92077.91371775106,0.41,0.44
1763425373,92080.0815825,0.41,0.44
1763425374,92080.0815825,0.41,0.44
1763425375,92079.9835175,0.41,0.44
1763425376,92080.287099,0.43,0.44
1763425377,92080.287099,0.43,0.44
1763425378,92082.80176086542,0.42,0.44
1763425379,92082.80176086542,0.42,0.44
1763425380,92080.19392990362,0.37,0.39
1763425381,92080.19392990362,0.37,0.4
1763425382,92069.92176131032,0.41,0.43
1763425383,92071.49174038379,0.42,0.44
1763425384,92073.64852050068,0.4,0.42
1763425385,92077.3632251345,0.41,0.42
1763425386,92077.3632251345,0.41,0.44
1763425387,92075.51480949488,0.42,0.44
1763425388,92081.61076752374,0.43,0.44
1763425389,92082.04136459799,0.42,0.44
1763425390,92082.8210002556,0.42,0.44
1763425391,92082.8210002556,0.42,0.43
1763425392,92081.55822164398,0.42,0.44
1763425393,92081.4857175,0.43,0.44
1763425394,92085.79995932966,0.43,0.44
1763425395,92086.78386730886,0.43,0.44
1763425396,92086.78386730886,0.43,0.44
1763425397,92088.17240034949,0.43,0.44
1763425398,92088.10206399532,0.44,0.45
1763425399,92089.83645673313,0.44,0.45
1763425400,92090.08516692695,0.44,0.45
1763425401,92090.86443510823,0.44,0.47
1763425402,92091.09989951251,0.47,0.48
1763425403,92102.43757393265,0.48,0.49
1763425404,92105.31401428803,0.49,0.5
1763425405,92105.70494988197,0.49,0.5
1763425406,92106.4684996913,0.5,0.51
1763425407,92109.54502705454,0.5,0.51
1763425408,92110.50977740185,0.5,0.51
1763425409,92111.39243778079,0.5,0.51
1763425410,92108.4126795941,0.5,0.52
1763425411,92107.59055015653,0.5,0.53
1763425412,92107.68197063229,0.51,0.53
1763425413,92109.36300266613,0.53,0.56
1763425414,92114.1028217018,0.57,0.58
1763425415,92131.382092,0.56,0.57
1763425416,92131.382092,0.56,0.58
1763425417,92136.59861536494,0.56,0.58
1763425418,92131.46908809483,0.57,0.59
1763425419,92131.46901630405,0.58,0.6
1763425420,92133.9513961808,0.58,0.59
1763425421,92135.34416629624,0.58,0.59
1763425422,92131.0079072881,0.58,0.6
1763425423,92131.0079072881,0.58,0.6
1763425424,92133.8161546355,0.58,0.6
1763425425,92135.82515710374,0.58,0.6
1763425426,92133.07331811478,0.57,0.6
1763425427,92133.02690952539,0.58,0.6
1763425428,92134.82455442304,0.59,0.61
1763425429,92135.5710819493,0.58,0.61
1763425430,92140.36429925686,0.58,0.61
1763425431,92140.36429925686,0.58,0.61
1763425432,92138.65665677816,0.58,0.6
1763425433,92139.29587270775,0.58,0.61
1763425434,92137.4156895,0.58,0.6
1763425435,92137.4102975,0.58,0.59
1763425436,92137.79050902584,0.59,0.61
1763425437,92141.43193315377,0.59,0.61
1763425438,92138.33428266426,0.58,0.61
1763425439,92138.33428266426,0.58,0.61
1763425440,92140.54560488513,0.61,0.62
1763425442,92153.47469634228,0.63,0.64
1763425443,92155.6444257042,0.64,0.65
1763425444,92155.8611458674,0.64,0.65
1763425445,92158.14549497713,0.64,0.65
1763425446,92158.20926509936,0.64,0.65
1763425447,92165.25611250095,0.69,0.7
1763425448,92172.05361182484,0.68,0.69
1763425449,92170.5185658711,0.68,0.69
1763425450,92170.79537433085,0.67,0.68
1763425451,92171.26932743704,0.66,0.68
1763425452,92167.10187808897,0.66,0.68
1763425453,92170.8703945366,0.68,0.7
1763425454,92172.08336726496,0.68,0.69
1763425455,92169.17839515973,0.68,0.69
1763425456,92173.318652982,0.68,0.69
1763425457,92173.318652982,0.66,0.68
1763425458,92160.24087278996,0.62,0.64
1763425459,92153.0734484965,0.58,0.59
1763425460,92147.71232535939,0.57,0.59
1763425461,92139.96794661727,0.56,0.59
1763425462,92137.32666839124,0.58,0.6
1763425463,92133.22241221066,0.57,0.59
1763425464,92133.21953784979,0.57,0.59
1763425465,92130.7156024275,0.56,0.58
1763425466,92130.39560606942,0.56,0.58
1763425467,92128.91432375107,0.56,0.59
1763425468,92128.91432375107,0.56,0.58
1763425469,92127.00139086391,0.58,0.59
1763425470,92130.47332382695,0.63,0.64
1763425471,92144.78058461273,0.64,0.65
1763425472,92149.92629508562,0.63,0.65
1763425473,92149.99700023784,0.63,0.65
1763425474,92149.66959757365,0.63,0.65
1763425475,92149.66959757365,0.63,0.65
1763425476,92152.07811985855,0.67,0.7
1763425477,92155.1739538012,0.69,0.7
1763425478,92172.8443724591,0.7,0.71
1763425479,92172.9248075,0.7,0.71
1763425480,92174.539197,0.7,0.71
1763425481,92173.7772115,0.7,0.71
1763425482,92173.06221044275,0.71,0.72
1763425483,92177.02825030114,0.72,0.73
1763425484,92182.74934886425,0.73,0.74
1763425485,92181.8148519486,0.73,0.74
1763425486,92187.50210192983,0.76,0.78
1763425487,92187.50210192983,0.76,0.77
1763425488,92192.5999153682,0.76,0.78
1763425489,92194.01416768148,0.76,0.78
1763425490,92194.01416768148,0.76,0.78
1763425491,92194.03803492189,0.76,0.77
1763425492,92192.06191565619,0.76,0.78
1763425493,92189.71889521198,0.76,0.77
1763425494,92190.08034903205,0.75,0.77
1763425495,92190.29131629015,0.74,0.75
1763425496,92189.98336149499,0.73,0.75
1763425497,92179.35414604344,0.73,0.74
1763425498,92177.31202369845,0.72,0.73
1763425499,92176.39471946536,0.72,0.73
1763425500,92176.39471946536,0.72,0.74
1763425501,92176.81668182318,0.73,0.74
1763425502,92177.44465365676,0.73,0.74
1763425503,92174.32909478112,0.71,0.73
1763425504,92174.32909478112,0.7,0.72
1763425505,92173.35196745317,0.7,0.72
1763425506,92168.40810841694,0.68,0.71
1763425507,92167.10845598929,0.65,0.68
1763425508,92151.64123483934,0.62,0.65
1763425509,92151.20058308258,0.62,0.65
1763425510,92148.19050397689,0.63,0.65
1763425511,92147.71824868351,0.62,0.64
1763425512,92146.96669043922,0.61,0.63
1763425513,92136.68455233275,0.61,0.62
1763425514,92136.68455233275,0.6,0.62
1763425515,92142.46182841713,0.6,0.61
1763425516,92144.74520479415,0.56,0.57
1763425517,92134.14435319621,0.58,0.59
1763425518,92134.98794473523,0.57,0.59
1763425519,92134.34787801828,0.57,0.59
1763425520,92133.12029257583,0.59,0.61
1763425521,92132.8858416028,0.59,0.6
1763425522,92132.51288511959,0.6,0.61
1763425523,92135.62694560732,0.6,0.61
1763425524,92133.37088637312,0.6,0.62
1763425525,92134.20924754914,0.61,0.62
1763425526,92138.93299338098,0.67,0.69
1763425527,92151.00786536848,0.67,0.69
1763425528,92154.36308886275,0.67,0.69
1763425529,92156.15479589615,0.66,0.68
1763425530,92158.81921013737,0.65,0.66
1763425531,92153.20510093296,0.63,0.65
1763425532,92147.05951959432,0.61,0.62
1763425533,92145.56833818862,0.61,0.63
1763425534,92138.87705843431,0.61,0.63
1763425535,92138.3671465038,0.61,0.63
1763425536,92140.78844786517,0.62,0.64
1763425537,92140.78844786517,0.62,0.63
1763425538,92140.30264499498,0.61,0.63
1763425539,92139.0696347875,0.6,0.62
1763425540,92135.37500811656,0.6,0.63
1763425541,92135.37500811656,0.61,0.63
1763425542,92137.94160768701,0.61,0.62
1763425543,92137.94160768701,0.61,0.62
1763425544,92138.7552625,0.61,0.62
1763425545,92143.38412790552,0.61,0.63
1763425546,92137.3096055034,0.58,0.59
1763425547,92134.76139311121,0.58,0.6
1763425548,92134.05501745902,0.58,0.6
1763425549,92134.05501745902,0.58,0.59
1763425550,92133.83462933695,0.58,0.59
1763425551,92133.8682581668,0.6,0.62
1763425552,92133.25320962176,0.6,0.62
1763425553,92133.25320962176,0.58,0.61
1763425554,92134.25695724745,0.6,0.62
1763425555,92133.75976131228,0.58,0.59
1763425556,92133.75976131228,0.58,0.59
1763425557,92127.13027882342,0.48,0.49
1763425558,92126.85640674659,0.48,0.49
1763425559,92107.10902500039,0.45,0.46
1763425560,92100.8535931495,0.42,0.43
1763425561,92079.80709221328,0.4,0.42
1763425562,92079.80709221328,0.36,0.38
1763425563,92079.78336658735,0.36,0.38
1763425564,92071.3662527121,0.36,0.37
1763425565,92070.35606362642,0.33,0.35
1763425566,92070.35606362642,0.29,0.32
1763425567,92062.85362066273,0.29,0.33
1763425568,92062.47215018394,0.3,0.33
1763425569,92061.49943065664,0.31,0.32
1763425570,92062.14023793083,0.3,0.31
1763425571,92062.92718150059,0.3,0.32
1763425572,92062.92718150059,0.31,0.32
1763425573,92063.53957429978,0.3,0.32
1763425574,92063.60265021706,0.31,0.32
1763425575,92064.1580526055,0.3,0.32
1763425576,92065.15522355703,0.32,0.33
1763425577,92064.33742700327,0.32,0.33
1763425578,92064.33742700327,0.32,0.33
1763425579,92064.58206936771,0.33,0.35
1763425580,92064.49223313518,0.35,0.37
1763425581,92064.49223313518,0.35,0.36
1763425582,92071.00881306802,0.34,0.36
1763425583,92068.20961592469,0.35,0.37
1763425584,92069.352459,0.34,0.36
1763425585,92072.24709199095,0.33,0.35
1763425586,92072.24709199095,0.33,0.36
1763425587,92066.5422787733,0.34,0.36
1763425588,92066.5422787733,0.33,0.36
1763425589,92068.0014864788,0.33,0.35
1763425590,92064.9057945,0.25,0.27
1763425591,92064.9057945,0.25,0.27
1763425592,92050.62546705814,0.28,0.29
1763425593,92050.64755538998,0.34,0.35
1763425594,92063.97993763254,0.33,0.35
1763425595,92064.52363963253,0.31,0.33
1763425596,92062.346176,0.28,0.3
1763425597,92062.3458255,0.29,0.32
1763425598,92051.93874475175,0.26,0.27
1763425599,92051.76879576157,0.24,0.28
1763425600,92046.828904944,0.23,0.24
1763425601,92046.828904944,0.23,0.24
1763425602,92048.92603552526,0.24,0.26
1763425603,92048.92603552526,0.24,0.26
1763425604,92045.60322587019,0.23,0.26
1763425605,92045.0167585,0.23,0.24
1763425606,92045.32145349216,0.23,0.24
1763425607,92045.45247255327,0.21,0.22
1763425608,92034.83221331898,0.19,0.21
1763425609,92034.06880729077,0.18,0.21
1763425610,92032.0495453596,0.19,0.21
1763425611,92030.5308019434,0.19,0.21
1763425612,92030.42407964045,0.19,0.21
1763425613,92032.47404053649,0.19,0.2
1763425614,92032.8315123009,0.18,0.21
1763425615,92032.95041598009,0.16,0.19
1763425616,92027.88225747884,0.16,0.18
1763425617,92027.5024905,0.16,0.19
1763425618,92026.0445181765,0.16,0.2
1763425619,92024.189984773,0.16,0.19
1763425620,92026.90557968458,0.16,0.18
1763425621,92025.11467390457,0.15,0.17
1763425622,92019.46276634169,0.15,0.17
1763425623,92016.61701554774,0.15,0.17
1763425624,92016.12272000941,0.15,0.17
1763425625,92016.39437204675,0.15,0.17
1763425626,92015.9064670996,0.13,0.14
1763425627,92015.8502335498,0.1,0.13
1763425628,92004.60433484358,0.1,0.12
1763425629,91985.94154033774,0.1,0.11
1763425630,91980.936042,0.1,0.11
1763425632,91988.33623690663,0.08,0.11
1763425633,91981.70055803804,0.08,0.11
1763425634,91983.33690200295,0.06,0.09
1763425635,91983.33690200295,0.06,0.09
1763425636,91974.49965907115,0.07,0.09
1763425637,91974.9816650596,0.07,0.09
1763425638,91975.96170111296,0.08,0.09
1763425639,91974.67376503914,0.05,0.08
1763425640,91972.26360471405,0.04,0.06
1763425641,91959.1650718633,0.04,0.07
1763425642,91953.43560430579,0.04,0.06
1763425643,91953.1193559054,0.03,0.06
1763425644,91949.57549962732,0.04,0.05
1763425645,91949.57549962732,0.03,0.05
1763425646,91948.6227313706,0.02,0.03
1763425647,91948.39465864781,0.02,0.03
1763425648,91937.00794981599,0.02,0.04
1763425650,91925.86383606191,0.02,0.03
1763425651,91925.86383606191,0.02,0.03
1763425652,91925.07304719943,0.02,0.03
1763425653,91924.36598575418,0.02,0.03
1763425654,91919.38840276875,0.02,0.03
1763425655,91919.03268608058,0.02,0.03
1763425656,91919.03268608058,0.02,0.03
1763425657,91917.8579763075,0.02,0.03
1763425658,91917.32257169444,0.02,0.03
1763425659,91917.0298789028,0.02,0.03
1763425660,91920.39804660784,0.01,0.03
1763425661,91920.9976109729,0.04,0.05
1763425662,91937.2720355261,0.02,0.05
1763425663,91937.35101776305,0.02,0.05
1763425664,91937.6148034891,0.01,0.02
1763425665,91935.02968597964,0.01,0.03
1763425666,91935.02968597964,0.02,0.03
1763425667,91927.94193739153,0.02,0.03
1763425668,91930.94554113827,0.02,0.03
1763425669,91930.94554113827,0.02,0.03
1763425670,91927.59342311243,0.02,0.03
1763425671,91924.62048999652,0.02,0.03
1763425672,91924.57390652734,0.02,0.03
1763425673,91918.53839178276,0.02,0.03
1763425674,91918.53839178276,0.01,0.03
1763425675,91916.82943156557,0.01,0.03
1763425676,91915.23752231276,0.01,0.03
1763425677,91914.69327675982,0.01,0.04
1763425678,91908.13906847357,0.01,0.03
1763425679,91907.30636713089,0.01,0.02
1763425680,91901.72004497709,0.01,0.02
1763425681,91901.72004497709,0.01,0.02
1763425682,91900.48001743184,0.0,0.01
1763425683,91899.93006851498,0.0,0.01
1763425684,91897.47565960929,0.0,0.01
1763425685,91897.52051320688,0.0,0.01
1763425686,91899.39668750527,0.0,0.01
1763425687,91903.69346105942,0.0,0.01
1763425688,91903.69346105942,0.0,0.01
1763425689,91918.20125098192,0.0,0.01
1763425690,91919.19843873785,0.0,0.01
1763425691,91926.40789884326,0.0,0.01
1763425692,91928.19979652629,0.0,0.01
1763425693,91930.1886512254,0.0,0.01
1763425694,91926.63294194613,0.0,0.01
1763425695,91934.48036912402,0.01,0.03
1763425696,91935.72362649278,0.01,0.03
1763425697,91935.72412649279,0.0,0.03
1763425698,91917.85092425867,0.0,0.03
1763425699,91916.39123268292,0.0,0.03
1763425700,91914.95971301502,0.0,0.01
1763425701,91918.0014565,0.0,0.01
1763425702,91918.0014565,0.0,0.01
1763425703,91922.86562743172,0.0,0.01
1763425704,91924.86024963182,0.0,0.01
1763425705,91928.74805180937,0.0,0.03
1763425706,91928.7255603126,0.0,0.03
1763425707,91929.33661636779,0.0,0.03
1763425708,91931.18954570449,0.0,0.03
1763425709,91932.03961082577,0.0,0.03
1763425710,91933.67403915335,0.0,0.03
1763425711,91933.67403915335,0.0,0.03
1763425712,91933.9204516725,0.0,0.03
1763425713,91933.9204516725,0.0,0.03
1763425714,91936.79114361962,0.0,0.03
1763425715,91933.27826714836,0.0,0.03
1763425716,91933.27826714836,0.0,0.03
1763425717,91932.45893026174,0.0,0.04
1763425718,91938.28474135396,,0.04
1763425719,91939.51368025108,0.0,0.04
1763425720,91941.36542960885,0.0,0.03
1763425721,91936.3125048449,0.0,0.04
1763425722,91938.83181566212,0.0,0.03
1763425723,91938.92836145918,0.0,0.03
1763425724,91940.51275549781,0.0,0.03
1763425725,91940.5132195591,0.0,0.01
1763425726,91940.89613919855,0.0,0.01
1763425727,91941.22529295011,0.0,0.01
1763425728,91935.68977916896,0.0,0.01
1763425729,91939.04946491038,0.0,0.01
1763425730,91936.68575432677,0.0,0.01
1763425731,91945.20769763067,0.0,0.01
1763425732,91948.55389032168,0.0,0.01
1763425733,91959.43307096869,0.0,0.01
1763425734,91963.73534655538,0.0,0.01
1763425735,91958.32146870698,0.0,0.01
1763425736,91947.2518908711,0.0,0.01
1763425737,91944.9442125845,0.0,0.01
1763425738,91944.9442125845,0.0,0.01
1763425739,91936.72781404373,0.0,0.01
1763425740,91937.13220639197,0.0,0.01
1763425741,91939.28226005912,0.0,0.01
1763425742,91939.28226005912,0.0,0.01
1763425743,91936.90475449109,,0.01
1763425744,91936.7676019104,0.0,0.01
1763425745,91937.91312426957,0.0,0.01
1763425746,91937.91312426957,0.0,0.01
1763425747,91942.09702149624,0.0,0.01
1763425748,91942.09702149624,0.0,0.01
1763425749,91938.90048141356,0.0,0.01
1763425750,91944.91814266368,0.0,0.01
1763425751,91944.91814266368,0.0,0.01
1763425752,91935.76702525893,0.0,0.01
1763425753,91932.8079731616,0.0,0.01
1763425754,91932.8079731616,0.0,0.01
1763425755,91919.41083322598,0.0,0.01
1763425756,91923.126826,0.0,0.01
1763425757,91923.05178165266,0.0,0.01
1763425758,91922.24975520992,0.0,0.01
1763425759,91922.24975520992,0.0,0.01
1763425760,91924.11983650216,0.0,0.01
1763425761,91922.66409218968,0.0,0.01
1763425762,91922.66409218968,0.0,0.01
1763425763,91921.3336061482,0.0,0.01
1763425764,91921.90284675591,0.0,0.01
1763425765,91921.90284675591,0.0,0.01
1763425766,91919.583301,0.0,0.01
1763425767,91919.5833655,0.0,0.01
1763425768,91917.713075,0.0,0.01
1763425769,91916.05951555025,0.0,0.01
1763425770,91915.70464376928,0.0,0.01
1763425771,91915.73738329764,0.0,0.01
1763425772,91915.7428594871,0.0,0.01
1763425773,91915.76263946597,0.0,0.01
1763425774,91915.76263946597,0.0,0.01
1763425775,91916.16373155413,0.0,0.01
1763425776,91916.16373155413,0.0,0.01
1763425777,91915.8731235,0.0,0.01
1763425778,91915.8731235,0.0,0.01
1763425779,91915.911339,0.0,0.01
1763425780,91915.910339,0.0,0.01
1763425781,91919.64213785423,0.0,0.01
1763425782,91919.64213785423,0.0,0.01
1763425783,91915.08313125127,0.0,0.01
1763425784,91917.60261482277,0.0,0.01
1763425785,91921.0452342276,0.0,0.01
1763425786,91920.5386624495,0.0,0.01
1763425787,91920.14794889899,0.0,0.01
1763425788,91914.24754,0.0,0.01
1763425789,91914.3097035,0.0,0.01
1763425790,91914.3097035,0.0,0.01
1763425791,91921.23409025728,0.0,0.01
1763425792,91921.1780765,0.0,0.01
1763425793,91922.47809171879,0.0,0.01
1763425794,91921.1222085,0.0,0.01
1763425795,91920.858884,0.0,0.01
1763425796,91920.858884,0.0,0.01
1763425797,91917.57776077266,0.0,0.01
1763425798,91912.82105749409,0.0,0.01
1763425799,91912.73839661363,0.0,0.01
1763425800,91912.73839661363,0.51,0.52
1763425801,91915.53131469112,0.51,0.52
1763425802,91923.39745036418,0.51,0.52
1763425803,91922.65297760266,0.51,0.52
1763425804,91928.34971949551,0.54,0.55
1763425805,91930.639617,0.53,0.55
1763425806,91929.05574290895,0.54,0.55
1763425807,91927.47602007314,0.54,0.55
1763425808,91928.234,0.54,0.55
1763425809,91930.07838457212,0.54,0.55
1763425810,91930.64380619186,0.56,0.58
1763425811,91938.99955111371,0.56,0.58
1763425812,91944.9606265,0.56,0.58
1763425813,91941.51409759792,0.55,0.56
1763425814,91942.85093704652,0.55,0.58
1763425815,91943.26840910192,0.56,0.58
1763425816,91943.42228507859,0.56,0.58
1763425817,91943.90483069557,0.56,0.58
1763425818,91941.7441065,0.55,0.57
1763425819,91940.5350995,0.55,0.56
1763425820,91939.49552501243,0.55,0.56
1763425821,91937.32602519488,0.55,0.56
1763425822,91938.96771205401,0.55,0.57
1763425823,91938.64076311019,0.56,0.58
1763425824,91939.64669673168,0.57,0.58
1763425825,91955.98750759536,0.58,0.6
1763425826,91959.50069403544,0.58,0.6
1763425827,91957.08418126666,0.57,0.58
1763425828,91957.08418126666,0.57,0.59
1763425829,91948.32201296196,0.57,0.58
1763425830,91948.12075574898,0.57,0.6
1763425831,91948.12075574898,0.57,0.59
1763425832,91950.92748199827,0.58,0.59
1763425833,91950.92748199827,0.57,0.59
1763425834,91952.47374135372,0.58,0.59
1763425835,91952.47374135372,0.57,0.58
1763425836,91948.19442326268,0.55,0.58
1763425837,91943.95949684117,0.55,0.57
1763425838,91943.95949684117,0.55,0.57
1763425839,91942.24533542698,0.55,0.57
1763425840,91942.204773011,0.54,0.55
1763425841,91941.21590609153,0.52,0.53
1763425842,91941.21590609153,0.52,0.53
1763425843,91928.56978455094,0.52,0.53
1763425844,91927.9253812463,0.52,0.53
1763425845,91926.84188220737,0.51,0.52
1763425846,91926.96698897237,0.51,0.53
1763425847,91919.90233252657,0.51,0.54
1763425848,91923.12583252658,0.53,0.54
1763425849,91923.1889829092,0.52,0.53
1763425850,91923.1889829092,0.51,0.52
1763425851,91921.20376899363,0.51,0.52
1763425852,91921.1267769378,0.51,0.52
1763425853,91921.14055517058,0.51,0.52
1763425854,91921.14055517058,0.51,0.52
1763425855,91919.63165104165,0.51,0.52
1763425856,91920.60052913844,0.51,0.52
1763425857,91921.28138832535,0.51,0.52
1763425858,91921.28138832535,0.51,0.52
1763425859,91923.35261680662,0.52,0.53
1763425860,91923.53178899999,0.51,0.53
1763425861,91924.33398279718,0.52,0.53
1763425862,91924.33398279718,0.52,0.53
1763425863,91929.32069194992,0.54,0.56
1763425864,91938.753112,0.54,0.56
1763425865,91938.7321865,0.54,0.56
1763425866,91938.1628165,0.54,0.56
1763425867,91938.162581,0.54,0.55
1763425868,91933.0772360032,0.54,0.55
1763425869,91933.0772360032,0.53,0.55
1763425870,91929.93917805437,0.54,0.55
1763425871,91927.29916759192,0.54,0.55
1763425872,91927.29916759192,0.53,0.56
1763425873,91938.6493911836,0.56,0.58
1763425874,91945.6168975,0.56,0.58
1763425875,91946.33580301431,0.56,0.58
1763425876,91946.37374728134,0.56,0.58
1763425877,91945.3453345,0.55,0.58
1763425878,91942.54558371806,0.55,0.58
1763425879,91942.54558371806,0.55,0.58
1763425880,91941.70069835985,0.55,0.57
1763425881,91941.70069835985,0.55,0.57
1763425882,91940.57265077427,0.55,0.57
1763425883,91940.57265077427,0.53,0.56
1763425884,91937.05715970705,0.53,0.55
1763425885,91932.17571759337,0.53,0.55
1763425886,91929.9371799852,0.52,0.54
1763425887,91929.9371799852,0.53,0.54
1763425888,91930.17628036358,0.53,0.54
1763425889,91930.1603605569,0.52,0.55
1763425890,91928.40249719756,0.51,0.53
1763425891,91927.23007928031,0.5,0.51
1763425892,91925.45888690717,0.48,0.5
1763425893,91896.01480087257,0.46,0.48
1763425894,91894.7542609737,0.44,0.46
1763425895,91881.7547425,0.43,0.44
1763425896,91878.98663441036,0.4,0.44
1763425897,91877.37010808043,0.42,0.44
1763425898,91876.93573771,0.42,0.44
1763425899,91876.84478648104,0.41,0.43
1763425900,91875.87787140555,0.41,0.43
1763425901,91875.41917138673,0.41,0.43
1763425902,91874.2112587366,0.41,0.43
1763425903,91874.2112587366,0.4,0.42
1763425904,91872.42156708098,0.37,0.38
1763425905,91865.50512647525,0.36,0.38
1763425906,91865.45389487309,0.36,0.39
1763425907,91854.12515813897,0.37,0.39
1763425908,91857.02849426947,0.38,0.41
1763425909,91857.21421885602,0.4,0.42
1763425911,91864.97705825338,0.4,0.42
1763425912,91865.65429322264,0.4,0.42
1763425913,91865.66014580347,0.4,0.42
1763425914,91865.75922098274,0.4,0.42
1763425915,91866.94678592087,0.4,0.42
1763425916,91866.94678592087,0.4,0.42
1763425917,91866.19081082534,0.4,0.42
1763425918,91869.70102463783,0.4,0.42
1763425919,91869.81751367306,0.4,0.42
1763425920,91870.07479661553,0.39,0.41
1763425921,91870.07479661553,0.38,0.41
1763425922,91866.00996517336,0.37,0.38
1763425923,91865.20906297016,0.37,0.38
1763425924,91849.3791510183,0.34,0.35
1763425925,91841.80574746038,0.34,0.35
1763425926,91843.12233487825,0.35,0.37
1763425927,91842.28283389779,0.35,0.36
1763425928,91842.96473277196,0.37,0.39
1763425930,91844.838497945,0.37,0.38
1763425931,91852.35883494762,0.37,0.38
1763425932,91845.51284169192,0.36,0.37
1763425936,91838.40348920402,0.34,0.36
1763425937,91835.76974780462,0.34,0.36
1763425938,91835.93449206812,0.34,0.36
1763425939,91842.46164962575,0.34,0.36
1763425940,91838.7254662411,0.33,0.36
1763425941,91837.3488361488,0.33,0.36
1763425942,91832.09476317804,0.3,0.32
1763425943,91816.07619163745,0.3,0.31
1763425944,91815.60095425784,0.3,0.31
1763425945,91812.32156060032,0.3,0.31
1763425946,91809.4662150777,0.28,0.29
1763425947,91809.18170244318,0.28,0.29
1763425948,91802.84692656832,0.28,0.29
1763425949,91802.7706803855,0.28,0.29
1763425950,91803.08018397838,0.28,0.29
1763425951,91803.1476685519,0.28,0.29
1763425952,91804.38732890719,0.28,0.29
1763425953,91806.8517094093,0.28,0.29
1763425954,91806.26737597627,0.28,0.29
1763425955,91804.55643248165,0.28,0.29
1763425956,91802.09801505847,0.28,0.29
1763425957,91802.09787863164,0.28,0.29
1763425958,91798.9732718478,0.28,0.29
1763425959,91798.35637822874,0.27,0.29
1763425960,91797.74136230617,0.26,0.27
1763425961,91787.3629422151,0.26,0.27
1763425962,91787.79068273416,0.25,0.26
1763425963,91772.77759906344,0.23,0.25
1763425964,91765.40729593519,0.22,0.25
1763425965,91766.11004054919,0.22,0.25
1763425966,91765.30450279765,0.23,0.25
1763425967,91768.22548108043,0.23,0.25
1763425968,91766.49268903403,0.22,0.24
1763425969,91766.36436449316,0.22,0.24
1763425970,91765.08797796567,0.22,0.24
1763425971,91766.83184406874,0.22,0.24
1763425972,91768.33147979893,0.22,0.24
1763425973,91769.42764131023,0.22,0.24
1763425974,91768.6123350962,0.22,0.24
1763425975,91764.90454483159,0.23,0.24
1763425976,91764.90454483159,0.22,0.23
1763425977,91762.59548156013,0.22,0.23
1763425978,91764.1145099533,0.22,0.23
1763425979,91758.43981195711,0.22,0.24
1763425980,91767.03847032344,0.25,0.26
1763425981,91767.03847032344,0.25,0.26
1763425982,91780.4990877397,0.25,0.26
1763425983,91785.11689445423,0.27,0.28
1763425984,91785.51625290408,0.26,0.27
1763425985,91785.84113730676,0.26,0.27
1763425986,91785.84113730676,0.26,0.27
1763425987,91783.3956012235,0.25,0.26
1763425988,91780.2778294918,0.25,0.26
1763425989,91775.48974195482,0.22,0.24
1763425990,91768.21971227322,0.22,0.24
1763425991,91767.77091919829,0.24,0.26
1763425992,91767.77091919829,0.24,0.26
1763425993,91776.214656,0.25,0.26
1763425994,91780.22492344833,0.27,0.28
1763425995,91791.83554,0.27,0.28
1763425996,91791.04663752427,0.27,0.28
1763425997,91791.04663752427,0.27,0.28
1763425998,91793.94474282287,0.27,0.28
1763425999,91793.94474282287,0.27,0.28
1763426000,91791.08019922492,0.26,0.27
1763426001,91790.99299389607,0.26,0.27
1763426002,91784.65763836622,0.24,0.25
1763426003,91776.78577786565,0.24,0.26
1763426004,91776.78577786565,0.24,0.26
1763426005,91781.20769976256,0.24,0.27
1763426006,91780.82051996602,0.26,0.27
1763426007,91780.82051996602,0.26,0.27
1763426008,91780.41991582118,0.26,0.27
1763426009,91781.10534351158,0.26,0.27
1763426010,91787.15903186596,0.26,0.27
1763426011,91787.24490875944,0.26,0.27
1763426012,91787.24490875944,0.26,0.27
1763426013,91786.51711620335,0.26,0.27
1763426014,91784.56472030793,0.26,0.27
1763426015,91784.56472030793,0.26,0.27
1763426016,91785.94701151468,0.26,0.27
1763426017,91785.94879375582,0.26,0.27
1763426018,91788.2857200925,0.25,0.26
1763426019,91788.2857200925,0.25,0.26
1763426020,91781.20034071174,0.23,0.25
1763426021,91777.83419922377,0.23,0.25
1763426022,91776.21464985264,0.24,0.26
1763426023,91779.49026450544,0.25,0.26
1763426024,91779.70073367126,0.25,0.27
1763426025,91786.15235848787,0.24,0.26
1763426026,91780.60478720722,0.23,0.26
1763426027,91780.33461354219,0.23,0.26
1763426028,91778.81237342335,0.23,0.25
1763426029,91778.81237342335,0.23,0.25
1763426030,91777.10347296568,0.23,0.24
1763426031,91773.64299264787,0.22,0.23
1763426032,91761.21503447539,0.21,0.22
1763426033,91758.48671086885,0.2,0.21
1763426034,91750.49456910105,0.2,0.21
1763426035,91750.94696339862,0.21,0.23
1763426036,91752.49303274463,0.08,0.11
1763426037,91749.98182770722,0.21,0.23
1763426038,91749.98182770722,0.21,0.22
1763426039,91751.91551360006,0.21,0.22
1763426041,91754.89498266486,0.19,0.2
1763426042,91750.75158821802,0.19,0.21
1763426043,91748.93284809306,0.18,0.19
1763426044,91748.93284809306,0.18,0.19
1763426045,91737.61595466349,0.17,0.19
1763426046,91736.94420972737,0.16,0.18
1763426047,91722.02690335832,0.16,0.17
1763426048,91722.02690335832,0.16,0.17
1763426049,91722.03884439358,0.15,0.17
1763426050,91714.8803064469,0.15,0.16
1763426051,91710.06893181491,0.15,0.16
1763426052,91710.06893181491,0.15,0.16
1763426053,91719.13583945879,0.15,0.17
1763426054,91719.13683945879,0.16,0.17
1763426055,91732.73806584824,0.18,0.19
1763426056,91737.7396364647,0.18,0.19
1763426057,91737.26373520003,0.18,0.19
1763426058,91740.73277716863,0.18,0.19
1763426059,91738.28831505583,0.18,0.19
1763426060,91737.62698409497,0.18,0.19
1763426061,91737.89370294152,0.18,0.2
1763426062,91737.89089488021,0.19,0.2
1763426063,91737.89089488021,0.2,0.21
1763426064,91750.66563913107,0.2,0.22
1763426065,91754.1488497628,0.2,0.22
1763426066,91756.63569076252,0.2,0.21
1763426067,91758.30710008569,0.2,0.21
1763426068,91758.30710008569,0.2,0.21
1763426069,91756.77435,0.21,0.22
1763426070,91757.333508,0.23,0.24
1763426071,91779.94827543673,0.25,0.26
1763426072,91779.99848701888,0.26,0.27
1763426073,91792.3847665,0.24,0.27
1763426074,91790.6707665,0.26,0.27
1763426075,91792.38697987473,0.26,0.27
1763426076,91792.38697987473,0.25,0.26
1763426077,91794.043258,0.26,0.27
1763426078,91793.9981135,0.26,0.27
1763426079,91793.9981135,0.26,0.27
1763426080,91793.969568,0.26,0.27
1763426081,91794.5587795,0.25,0.26
1763426082,91794.9690165,0.24,0.25
1763426083,91784.30321046937,0.23,0.24
1763426084,91783.52636834829,0.22,0.24
1763426085,91775.41427049949,0.21,0.22
1763426086,91775.41427049949,0.2,0.21
1763426087,91759.42262169115,0.19,0.2
1763426088,91759.42262169115,0.19,0.2
1763426089,91757.0505995753,0.2,0.21
1763426090,91757.0505995753,0.2,0.21
1763426091,91761.14071748906,0.19,0.21
1763426092,91761.14071748906,0.19,0.21
1763426093,91755.07301332119,0.19,0.2
1763426094,91750.72028617213,0.2,0.22
1763426095,91750.72118823757,0.21,0.22
1763426096,91758.86454243744,0.22,0.23
1763426097,91768.16964980877,0.22,0.23
1763426098,91768.16964980877,0.22,0.23
1763426099,91771.59776670224,0.18,0.19
1763426100,91771.18295697396,0.17,0.18
1763426101,91718.55840355041,0.15,0.16
1763426102,91710.93617560124,0.13,0.14
1763426103,91674.79860869159,0.12,0.13
1763426104,91672.1778216568,0.11,0.13
1763426105,91661.61840816148,0.12,0.13
1763426106,91662.4087684767,0.13,0.15
1763426107,91675.38462033383,0.13,0.14
1763426108,91675.62051642091,0.13,0.15
1763426109,91675.90623909615,0.13,0.15
1763426110,91675.68476368964,0.12,0.14
1763426111,91676.37765464115,0.15,0.17
1763426112,91695.38008899252,0.16,0.17
1763426113,91708.32584031929,0.16,0.18
1763426114,91711.01166314243,0.17,0.19
1763426115,91711.817884123,0.17,0.19
1763426116,91718.79392344023,0.16,0.18
1763426117,91723.47432091234,0.16,0.18
1763426118,91716.59870654803,0.16,0.17
1763426119,91717.42172495453,0.16,0.17
1763426120,91717.62239721036,0.18,0.2
1763426121,91728.90536100621,0.17,0.2
1763426122,91730.09447009611,0.18,0.2
1763426123,91730.09447009611,0.18,0.2
1763426124,91733.68027337268,0.19,0.2
1763426125,91752.0955155,0.2,0.22
1763426126,91752.68001869677,0.2,0.21
1763426127,91745.08083925383,0.2,0.22
1763426128,91745.48843798404,0.2,0.22
1763426129,91750.99115132708,0.2,0.21
1763426130,91750.99115132708,0.19,0.2
1763426131,91747.70559922389,0.19,0.2
1763426132,91746.2596808786,0.19,0.22
1763426133,91746.2596808786,0.19,0.22
1763426134,91749.6822075797,0.2,0.22
1763426135,91750.16047684719,0.2,0.22
1763426136,91753.85715705158,0.2,0.22
1763426137,91755.03941582465,0.21,0.24
1763426138,91755.283379,0.23,0.24
1763426139,91770.462447,0.23,0.24
1763426140,91770.498648,0.2,0.24
1763426141,91770.96524,0.2,0.22
1763426142,91762.37164468861,0.21,0.23
1763426143,91756.388078,0.21,0.23
1763426144,91754.24039184237,0.22,0.23
1763426145,91757.84880503509,0.2,0.22
1763426146,91755.53582843604,0.21,0.22
1763426147,91753.94116258514,0.21,0.22
1763426148,91753.94116258514,0.2,0.22
1763426149,91756.30507548482,0.21,0.22
1763426150,91757.23682583604,0.21,0.22
1763426151,91762.61282405804,0.2,0.22
1763426152,91762.61282405804,0.2,0.22
1763426153,91760.7975217586,0.18,0.2
1763426154,91754.50718830754,0.18,0.2
1763426155,91754.50718830754,0.18,0.21
1763426156,91747.64456046878,0.18,0.21
1763426157,91747.64456046878,0.18,0.21
1763426158,91747.5814066951,0.18,0.21
1763426159,91746.93611903327,0.19,0.21
1763426160,91751.85505738758,0.19,0.21
1763426161,91751.85505738758,0.19,0.21
1763426162,91756.76503975845,0.18,0.21
1763426163,91753.73622795107,0.18,0.21
1763426164,91752.87189732448,0.18,0.19
1763426165,91755.18439230412,0.2,0.21
1763426166,91766.53389674252,0.2,0.22
1763426167,91762.93099030668,0.2,0.22
1763426168,91762.84995302778,0.2,0.22
1763426169,91765.113555415,0.19,0.21
1763426170,91767.48790262546,0.19,0.22
1763426171,91763.54611857096,0.19,0.21
1763426172,91762.58863409823,0.19,0.21
1763426173,91761.5544705,0.18,0.21
1763426174,91759.7064506504,0.17,0.2
1763426175,91751.93802123985,0.16,0.19
1763426176,91747.95412435039,0.17,0.19
1763426177,91750.13299510682,0.14,0.18
1763426178,91750.34569047652,0.14,0.16
1763426179,91725.16330205523,0.14,0.16
1763426180,91711.62831982569,0.14,0.15
1763426181,91706.84585398882,0.15,0.16
1763426183,91722.14192276378,0.14,0.16
1763426184,91722.14192276378,0.14,0.16
1763426185,91723.39569244946,0.14,0.16
1763426186,91723.39569244946,0.15,0.17
1763426187,91728.5919661977,0.18,0.19
1763426188,91730.55116682308,0.14,0.18
1763426189,91728.14320935772,0.14,0.17
1763426190,91727.1511145623,0.14,0.17
1763426191,91723.31593599799,0.16,0.18
1763426192,91738.35546625585,0.17,0.2
1763426193,91750.69102030029,0.15,0.18
1763426194,91748.32798847595,0.15,0.18
1763426195,91742.1473411025,0.17,0.18
1763426196,91734.80774777869,0.15,0.17
1763426197,91734.80774777869,0.16,0.17
1763426198,91728.33973833555,0.15,0.17
1763426199,91728.33973833555,0.15,0.18
1763426200,91729.23706391662,0.15,0.18
1763426201,91730.50561146042,0.15,0.18
1763426202,91733.0582122019,0.15,0.17
1763426203,91734.8842253489,0.14,0.17
1763426204,91725.51350603468,0.14,0.17
1763426205,91726.03416785739,0.14,0.17
1763426206,91728.80574919641,0.15,0.17
1763426207,91728.57463134483,0.15,0.17
1763426208,91732.91593678179,0.15,0.17
1763426209,91734.27807929154,0.15,0.17
1763426210,91734.45732912302,0.16,0.17
1763426211,91744.9818575,0.16,0.19
1763426212,91750.94736416619,0.17,0.19
1763426213,91750.74505240291,0.16,0.19
1763426214,91752.1820035,0.17,0.19
1763426215,91752.8794355,0.17,0.19
1763426216,91756.64254341842,0.17,0.19
1763426217,91757.42764725143,0.17,0.19
1763426218,91752.0380440301,0.15,0.18
1763426219,91751.8308925,0.16,0.19
1763426220,91745.12983518558,0.16,0.19
1763426221,91746.93608217,0.16,0.18
1763426222,91746.93608217,0.17,0.18
1763426223,91752.158592,0.19,0.21
1763426224,91752.591008994,0.2,0.21
1763426225,91771.31437595311,0.21,0.23
1763426226,91779.76259030757,0.22,0.23
1763426227,91779.76259030757,0.23,0.24
1763426228,91784.93222274608,0.23,0.24
1763426231,91783.77820989632,0.22,0.25
1763426232,91784.26171844667,0.2,0.22
1763426233,91779.59561434496,0.2,0.23
1763426234,91777.05496991012,0.2,0.23
1763426235,91774.58423423597,0.2,0.23
1763426236,91773.25726473055,0.2,0.23
1763426237,91772.91694875898,0.18,0.21
1763426238,91772.91694875898,0.18,0.21
1763426239,91766.16861377213,0.18,0.2
1763426240,91758.89032106297,0.19,0.2
1763426241,91767.1167279807,0.19,0.2
1763426242,91767.1167279807,0.19,0.21
1763426243,91773.5587825257,0.19,0.2
1763426244,91773.5587825257,0.18,0.2
1763426245,91765.48531128577,0.17,0.2
1763426246,91765.492294664,0.17,0.2
1763426247,91765.45378035506,0.17,0.2
1763426248,91766.01524871797,0.17,0.2
1763426249,91765.6019352978,0.19,0.2
1763426250,91769.75725047757,0.2,0.21
1763426251,91771.19155072518,0.21,0.24
1763426254,91789.71641536582,0.21,0.23
1763426255,91789.86379577692,0.21,0.24
1763426256,91789.86670202641,0.22,0.24
1763426257,91789.8647020264,0.22,0.24
1763426258,91789.8798510584,0.2,0.22
1763426259,91789.8798510584,0.21,0.22
1763426260,91786.6265142417,0.22,0.24
1763426261,91792.65270277587,0.22,0.24
1763426262,91792.78521882922,0.22,0.23
1763426263,91792.48013282852,0.2,0.22
1763426264,91789.2768426091,0.12,0.15
1763426265,91774.93454424615,0.14,0.16
1763426266,91772.71253240068,0.13,0.15
1763426267,91776.58157760417,0.12,0.13
1763426268,91776.58157760417,0.13,0.17
1763426269,91772.32269507984,0.12,0.15
1763426270,91773.68230226946,0.19,0.21
1763426271,91773.68230226946,0.19,0.21
1763426272,91774.64154597337,0.17,0.18
1763426273,91761.40421740983,0.16,0.18
1763426274,91761.40421740983,0.16,0.18
1763426275,91755.56575288025,0.16,0.18
1763426276,91755.27601514378,0.16,0.18
1763426277,91754.83469843573,0.16,0.18
1763426278,91754.26698191545,0.16,0.17
1763426279,91754.3648863884,0.14,0.15
1763426280,91742.58240049565,0.14,0.15
1763426281,91742.11213146255,0.14,0.15
1763426282,91740.37110221291,0.14,0.15
1763426283,91740.37348890927,0.14,0.15
1763426284,91742.00104944488,0.13,0.14
1763426285,91705.20338035024,0.1,0.11
1763426286,91705.20338035024,0.1,0.12
1763426287,91696.17226508383,0.11,0.13
1763426288,91695.79393186662,0.11,0.12
1763426289,91704.35551104297,0.11,0.12
1763426290,91702.845275624,0.09,0.11
1763426291,91702.845275624,0.09,0.11
1763426292,91703.23465328151,0.09,0.11
1763426293,91703.42459525155,0.09,0.11
1763426294,91702.80820359627,0.09,0.11
1763426295,91703.16053113907,0.09,0.11
1763426296,91702.98985026871,0.09,0.11
1763426297,91702.98985026871,0.09,0.11
1763426298,91710.6695138714,0.09,0.11
1763426299,91711.524,0.09,0.11
1763426300,91712.28842961905,0.12,0.13
1763426301,91729.63252595453,0.13,0.14
1763426302,91729.63252595453,0.14,0.15
1763426303,91742.79053220213,0.14,0.15
1763426304,91743.93081428384,0.14,0.15
1763426305,91744.39695118171,0.14,0.15
1763426306,91752.64273634662,0.15,0.16
1763426307,91767.38960206952,0.17,0.18
1763426308,91772.18322540945,0.17,0.18
1763426309,91777.94412708981,0.18,0.19
1763426310,91778.81334465994,0.18,0.19
1763426311,91775.7013484924,0.13,0.15
1763426312,91773.00661477426,0.14,0.17
1763426313,91753.95744043039,0.15,0.17
1763426314,91759.46607166248,0.16,0.17
1763426315,91760.9405103222,0.16,0.18
1763426316,91768.64599367676,0.14,0.15
1763426317,91752.16476690129,0.12,0.14
1763426318,91730.50147931119,0.12,0.14
1763426319,91730.50147931119,0.12,0.15
1763426320,91729.1405385029,0.1,0.12
1763426321,91728.02693852058,0.1,0.12
1763426322,91723.35493343227,0.1,0.12
1763426323,91720.9860925443,0.1,0.13
1763426324,91716.80079761811,0.1,0.13
1763426325,91716.80079761811,0.1,0.13
1763426326,91715.04825425912,0.1,0.12
1763426327,91715.04825425912,0.12,0.15
1763426328,91728.9896042983,0.12,0.14
1763426329,91729.82589065774,0.13,0.14
1763426330,91739.46303651076,0.12,0.14
1763426331,91742.00510876362,0.1,0.13
1763426332,91742.00510876362,0.1,0.13
1763426333,91735.31370826907,0.1,0.12
1763426334,91735.31370826907,0.1,0.12
1763426335,91720.62989596442,0.1,0.12
1763426336,91720.62989596442,0.09,0.12
1763426337,91720.55568457462,0.09,0.11
1763426338,91719.23619299987,0.09,0.11
1763426339,91719.23619299987,0.09,0.12
1763426340,91715.65137204078,0.08,0.1
1763426341,91706.87638600156,0.08,0.09
1763426342,91706.87638600156,0.07,0.08
1763426343,91686.55232722397,0.07,0.08
1763426344,91672.09650741324,0.07,0.08
1763426345,91672.09650741324,0.07,0.08
1763426346,91675.70252345278,0.07,0.08
1763426347,91669.847,0.07,0.08
1763426348,91671.48455009657,0.07,0.08
1763426349,91673.86244775886,0.07,0.08
1763426350,91673.86244775886,0.07,0.08
1763426351,91671.99522481543,0.07,0.08
1763426352,91671.96677217007,0.07,0.08
1763426353,91671.68947015592,0.07,0.08
1763426354,91671.68947015592,0.07,0.08
1763426355,91683.16712149994,0.07,0.08
1763426356,91683.45866088466,0.07,0.08
1763426357,91699.67197408897,0.09,0.1
1763426358,91711.96848607475,0.1,0.11
1763426359,91711.96848607475,0.1,0.11
1763426360,91731.53381987718,0.1,0.11
1763426361,91731.53431987717,0.1,0.11
1763426362,91732.73573888978,0.1,0.11
1763426363,91732.73573888978,0.1,0.11
1763426364,91733.09672947024,0.09,0.1
1763426365,91732.08530131028,0.09,0.1
1763426366,91726.57114138911,0.09,0.1
1763426367,91729.86109695159,0.09,0.1
1763426368,91729.36063235477,0.09,0.1
1763426369,91729.93765783224,0.09,0.1
1763426370,91730.68092098656,0.09,0.1
1763426371,91730.68092098656,0.09,0.1
1763426372,91736.1267677473,0.08,0.1
1763426373,91736.1267677473,0.08,0.09
1763426374,91733.51842035538,0.07,0.08
1763426375,91729.2429966032,0.07,0.09
1763426376,91709.99310777916,0.07,0.09
1763426377,91710.07835547616,0.07,0.09
1763426378,91707.67614267884,0.07,0.09
1763426379,91707.00458539234,0.07,0.09
1763426380,91701.20315363417,0.06,0.08
1763426381,91685.98506545617,0.06,0.07
1763426382,91682.56067777167,0.05,0.08
1763426383,91667.87503601228,0.05,0.08
1763426384,91667.87503601228,0.05,0.08
1763426385,91658.67244906515,0.05,0.07
1763426386,91658.34098793496,0.05,0.08
1763426387,91658.34098793496,0.05,0.07
1763426388,91659.74808066637,0.05,0.06
1763426389,91662.12557882888,0.05,0.06
1763426390,91662.12557882888,0.05,0.06
1763426391,91661.84013890836,0.05,0.06
1763426392,91663.81401000363,0.04,0.05
1763426393,91665.33830541608,0.04,0.05
1763426394,91664.7133205013,0.04,0.05
1763426395,91658.71617091581,0.04,0.05
1763426396,91658.71617091581,0.04,0.05
1763426397,91650.59364904897,0.04,0.05
1763426398,91649.44112457134,0.03,0.04
1763426399,91627.77739480941,0.03,0.04
1763426400,91606.38897551068,0.03,0.04
1763426401,91607.7419974705,0.03,0.04
1763426402,91610.121607,0.02,0.04
1763426403,91610.47608083634,0.02,0.04
1763426404,91612.3731622922,0.02,0.04
1763426405,91616.36495461289,0.02,0.03
1763426406,91616.46269497016,0.02,0.04
1763426407,91620.17568788266,0.03,0.04
1763426408,91647.10367582394,0.02,0.04
1763426409,91652.29347464912,0.02,0.03
1763426410,91649.4937534829,0.02,0.03
1763426411,91644.38960644524,0.01,0.03
1763426412,91648.98910887651,0.02,0.03
1763426413,91649.01457421595,0.02,0.03
1763426414,91649.01457421595,0.02,0.03
1763426415,91646.30101826238,0.01,0.02
1763426416,91644.39319208858,0.01,0.03
1763426417,91644.39319208858,0.01,0.03
1763426418,91629.61819275249,0.01,0.03
1763426419,91626.72134824492,0.01,0.03
1763426420,91622.12300389621,0.01,0.02
1763426421,91623.5251258327,0.01,0.02
1763426422,91623.84991813127,0.01,0.02
1763426423,91622.7395148376,0.01,0.02
1763426424,91623.81439882494,0.01,0.02
1763426425,91610.11345540732,0.01,0.02
1763426426,91608.5532324557,0.01,0.02
1763426427,91607.67920188757,0.01,0.02
1763426428,91595.88907924652,0.01,0.02
1763426429,91580.30650418723,0.01,0.02
1763426430,91575.38889195763,0.01,0.02
1763426431,91576.16426350996,0.01,0.02
1763426432,91579.17925063043,0.01,0.02
1763426433,91574.4380010629,0.01,0.02
1763426434,91570.72162679327,0.01,0.02
1763426435,91570.51041578883,0.01,0.02
1763426436,91569.36737467657,0.01,0.02
1763426437,91568.78987129303,0.01,0.02
1763426438,91570.22822709984,0.01,0.02
1763426439,91571.87306086197,0.01,0.02
1763426440,91569.05497682655,0.01,0.02
1763426441,91565.61053087229,0.01,0.02
1763426442,91564.73618197152,0.01,0.02
1763426443,91559.76391634584,0.01,0.02
1763426444,91560.24242077243,0.01,0.02
1763426445,91559.88579568731,0.01,0.02
1763426446,91550.75163862118,0.01,0.02
1763426447,91545.81443883787,0.01,0.02
1763426448,91548.62038812862,0.01,0.02
1763426449,91548.62038812862,0.01,0.02
1763426450,91546.61034441949,0.01,0.02
1763426451,91546.61034441949,0.01,0.02
1763426452,91550.51275131696,0.01,0.02
1763426453,91552.37939727154,0.01,0.02
1763426454,91553.95298216894,0.01,0.02
1763426455,91553.96787150347,0.01,0.02
1763426456,91559.56979924213,0.0,0.01
1763426457,91559.64053595247,0.0,0.01
1763426458,91556.09464071265,0.0,0.01
1763426459,91552.88663745578,0.0,0.01
1763426460,91552.47845731441,0.0,0.01
1763426461,91550.2826207831,0.0,0.01
1763426462,91544.6639513707,0.0,0.01
1763426463,91546.7463425,0.0,0.01
1763426464,91547.3319845,0.0,0.01
1763426465,91547.0052271598,0.0,0.01
1763426466,91546.90436798561,0.0,0.01
1763426467,91545.49670118856,0.0,0.01
1763426468,91545.79031579646,0.0,0.01
1763426469,91545.91093510721,0.0,0.01
1763426470,91546.00605360288,0.0,0.01
1763426471,91548.4758877638,0.0,0.01
1763426472,91549.51570324559,0.0,0.01
1763426473,91557.78071386818,0.0,0.01
1763426474,91557.78071386818,0.0,0.01
1763426475,91553.61491530298,0.0,0.01
1763426476,91553.77409690074,0.0,0.01
1763426477,91553.91157211608,0.0,0.01
1763426478,91553.7352160293,0.0,0.01
1763426479,91551.44084250099,0.0,0.01
1763426480,91548.72422016537,0.0,0.01
1763426481,91525.70244402492,0.0,0.01
1763426482,91525.41624477509,0.0,0.01
1763426483,91493.11150060351,0.0,0.01
1763426484,91480.2558421525,0.0,0.01
1763426485,91480.2558421525,,0.01
1763426486,91476.13833828263,0.0,0.01
1763426487,91476.13833828263,0.0,0.01
1763426488,91461.52665213792,0.0,0.01
1763426489,91460.89630580085,0.0,0.01
1763426490,91451.68645202572,0.0,0.01
1763426491,91452.1387615,0.0,0.01
1763426492,91450.19870910887,0.0,0.01
1763426493,91450.19870910887,0.0,0.01
1763426494,91443.32822989009,0.0,0.01
1763426495,91443.97017235204,0.0,0.01
1763426496,91440.24082893482,0.0,0.01
1763426497,91439.67059512297,0.0,0.01
1763426498,91435.87812923099,0.0,0.01
1763426499,91435.36687922028,0.0,0.01
1763426500,91426.799057,0.0,0.01
1763426501,91427.189024,0.0,0.01
1763426502,91433.21399794566,0.0,0.01
1763426503,91433.21399794566,0.0,0.01
1763426504,91433.94786974762,0.0,0.01
1763426505,91439.87283046271,0.0,0.01
1763426506,91439.87283046271,0.0,0.01
1763426507,91437.68804743908,0.0,0.01
1763426508,91437.68804743908,0.0,0.01
1763426509,91425.67891177311,0.0,0.01
1763426510,91415.90980258197,0.0,0.01
1763426511,91415.90980258197,0.0,0.01
1763426512,91370.05466574336,0.0,0.01
1763426513,91362.59323681101,0.0,0.01
1763426514,91362.59323681101,0.0,0.01
1763426515,91353.55201089945,0.0,0.01
1763426516,91349.55389758314,0.0,0.01
1763426517,91348.77325569297,0.0,0.01
1763426518,91352.55997084446,0.0,0.01
1763426519,91380.1682940237,0.0,0.01
1763426520,91380.58979402369,0.0,0.01
1763426521,91381.97751512377,0.0,0.01
1763426522,91357.94133111466,0.0,0.01
1763426523,91357.94133111466,,0.01
1763426524,91337.4998230312,0.0,0.01
1763426525,91355.788966541,0.0,0.01
1763426526,91320.4908793489,0.0,0.01
1763426527,91320.4908793489,0.0,0.01
1763426528,91287.53373039127,0.0,0.01
1763426529,91289.2042415,0.0,0.01
1763426531,91275.55393551594,0.0,0.01
1763426532,91279.2721105,0.0,0.01
1763426533,91279.2721105,0.0,0.01
1763426534,91311.42539208084,0.0,0.01
1763426535,91315.81019604042,0.0,0.01
1763426536,91332.41011588002,0.0,0.01
1763426537,91343.44568383657,0.0,0.01
1763426538,91339.70168383657,0.0,0.01
1763426539,91326.06172445977,0.0,0.01
1763426540,91326.06172445977,0.0,0.01
1763426541,91325.677237,,0.01
1763426542,91334.09199252556,0.0,0.01
1763426543,91334.09199252556,0.0,0.01
1763426544,91360.33049214477,0.0,0.01
1763426545,91360.33049214477,0.0,0.01
1763426546,91364.1236375,,0.01
1763426547,91358.78339075965,0.0,0.01
1763426548,91358.78339075965,0.0,0.01
1763426549,91368.51606417699,0.0,0.01
1763426550,91361.5857716178,0.0,0.01
1763426551,91355.36487837194,0.0,0.01
1763426552,91347.42144005981,0.0,0.01
1763426553,91345.71877497775,0.0,0.01
1763426554,91343.30993672599,0.0,0.01
1763426555,91347.8252185433,0.0,0.01
1763426556,91347.8252185433,0.0,0.01
1763426557,91380.71444467442,0.0,0.01
1763426559,91397.6618085,0.0,0.01
1763426560,91394.7202900418,0.0,0.01
1763426561,91398.47325729635,0.0,0.01
1763426562,91398.42111277816,0.0,0.01
1763426565,91402.34354705614,0.0,0.01
1763426566,91400.4632647721,0.0,0.01
1763426567,91397.24488088224,0.0,0.01
1763426568,91394.45933096945,0.0,0.01
1763426569,91386.3216674603,0.0,0.01
1763426570,91386.63657036687,0.0,0.01
1763426571,91396.14848563707,0.0,0.01
1763426572,91397.1704235257,0.0,0.01
1763426573,91396.0093684115,,0.01
1763426574,91414.49303681127,0.0,0.01
1763426575,91414.49303681127,0.0,0.01
1763426576,91430.5376650195,0.0,0.01
1763426577,91428.38967601323,0.0,0.01
1763426578,91415.00167460252,0.0,0.01
1763426579,91409.5115975,0.0,0.01
1763426580,91409.5115975,0.0,0.01
1763426581,91380.9974985,0.0,0.01
1763426582,91380.5483845,0.0,0.01
1763426583,91382.85044229163,0.0,0.01
1763426584,91396.39427995197,0.0,0.01
1763426585,91397.85230158038,0.0,0.01
1763426586,91397.85230158038,0.0,0.01
1763426587,91414.57322830637,0.0,0.01
1763426588,91412.88094336024,0.0,0.01
1763426589,91412.80596570154,0.0,0.01
1763426590,91412.80596570154,,0.01
1763426591,91404.57044328844,,0.01
1763426592,91403.31835976901,0.0,0.01
1763426593,91336.89233644307,0.0,0.01
1763426594,91336.89233644307,0.0,0.01
1763426595,91300.23547716116,0.0,0.01
1763426596,91282.22538574958,0.0,0.01
1763426597,91244.97409471586,,0.01
1763426598,91244.97409471586,,0.01
1763426599,91232.62969450228,0.0,0.01
1763426600,91232.62969450228,0.0,0.01
1763426601,91226.3134255055,,0.01
1763426602,91240.49665082645,0.0,0.01
1763426603,91243.43758030553,0.0,0.01
1763426604,91251.45020998096,,0.01
1763426605,91259.2769901746,,0.01
1763426606,91259.37758544067,,0.01
1763426607,91249.94953766321,,0.01
1763426608,91266.26315212426,0.0,0.01
1763426610,91274.152,0.0,0.01
1763426611,91270.46369318917,0.0,0.01
1763426612,91267.49059050315,0.0,0.01
1763426613,91270.88491669066,0.0,0.01
1763426614,91269.59011411552,0.0,0.01
1763426615,91264.94198239325,0.0,0.01
